<?xml version="1.0" encoding="UTF-8"?>
<!DOCTYPE html PUBLIC "-//W3C//DTD XHTML 1.0 Transitional//EN"
    "http://www.w3.org/TR/xhtml1/DTD/xhtml1-transitional.dtd">
<html xmlns="http://www.w3.org/1999/xhtml" xml:lang="en" lang="en">
 <head>
  <title>
</title>
<meta http-equiv="Content-Type" content="text/html;charset=utf-8" />
  <meta name='ocr-system' content='tesseract 3.04.00' />
  <meta name='ocr-capabilities' content='ocr_page ocr_carea ocr_par ocr_line ocrx_word'/>
</head>
<body>
  <div class='ocr_page' id='page_1' title='image "./saureliiaugusti00brudgoog_0090.png"; bbox 0 0 2050 2925; ppageno 0'>
   <div class='ocr_carea' id='block_1_1' title="bbox 163 85 814 163">
    <p class='ocr_par' dir='ltr' id='par_1_1' title="bbox 163 85 814 163">
     <span class='ocr_line' id='line_1_1' title="bbox 163 85 814 163; baseline 0.008 -6"><span class='ocrx_word' id='word_1_1' title='bbox 163 102 197 157; x_wconf 85' lang='lat' dir='ltr'><strong>oo</strong></span> <span class='ocrx_word' id='word_1_2' title='bbox 348 85 776 163; x_wconf 72' lang='lat' dir='ltr'><strong>sonuerisuaosrrur</strong></span> <span class='ocrx_word' id='word_1_3' title='bbox 810 145 814 151; x_wconf 82' lang='lat'><strong>.</strong></span> 
     </span>
    </p>
   </div>
   <div class='ocr_carea' id='block_1_2' title="bbox 113 206 1016 2685">
    <p class='ocr_par' dir='ltr' id='par_1_2' title="bbox 159 206 978 677">
     <span class='ocr_line' id='line_1_2' title="bbox 164 206 978 278; baseline 0.009 -21"><span class='ocrx_word' id='word_1_4' title='bbox 164 206 293 272; x_wconf 81' lang='lat' dir='ltr'><strong>(quarum</strong></span> <span class='ocrx_word' id='word_1_5' title='bbox 308 210 418 261; x_wconf 83' lang='lat' dir='ltr'><strong>nomine</strong></span> <span class='ocrx_word' id='word_1_6' title='bbox 433 226 494 262; x_wconf 88' lang='lat' dir='ltr'><strong>cum</strong></span> <span class='ocrx_word' id='word_1_7' title='bbox 508 224 555 261; x_wconf 86' lang='lat' dir='ltr'><strong>eas</strong></span> <span class='ocrx_word' id='word_1_8' title='bbox 565 208 662 261; x_wconf 79' lang='lat' dir='ltr'><strong>rhetor</strong></span> <span class='ocrx_word' id='word_1_9' title='bbox 671 209 909 278; x_wconf 79' lang='lat' dir='ltr'><strong>carthaginensis</strong></span> <span class='ocrx_word' id='word_1_10' title='bbox 918 228 978 265; x_wconf 88' lang='lat' dir='ltr'><strong>ma·</strong></span> 
     </span>
     <span class='ocr_line' id='line_1_3' title="bbox 163 274 977 344; baseline 0.009 -21"><span class='ocrx_word' id='word_1_11' title='bbox 163 274 252 339; x_wconf 87' lang='lat' dir='ltr'><strong>gister</strong></span> <span class='ocrx_word' id='word_1_12' title='bbox 269 290 346 327; x_wconf 87' lang='lat' dir='ltr'><strong>meus</strong></span> <span class='ocrx_word' id='word_1_13' title='bbox 361 277 456 328; x_wconf 86' lang='lat' dir='ltr'><strong>buccis</strong></span> <span class='ocrx_word' id='word_1_14' title='bbox 504 276 559 341; x_wconf 92' lang='lat' dir='ltr'><strong>pho</strong></span> <span class='ocrx_word' id='word_1_15' title='bbox 572 277 750 344; x_wconf 77' lang='lat' dir='ltr'><strong>crepantibus</strong></span> <span class='ocrx_word' id='word_1_16' title='bbox 766 292 977 331; x_wconf 88' lang='lat' dir='ltr'><strong>commemora·</strong></span> 
     </span>
     <span class='ocr_line' id='line_1_4' title="bbox 159 343 975 410; baseline 0.005 -19"><span class='ocrx_word' id='word_1_17' title='bbox 159 346 214 402; x_wconf 79' lang='lat' dir='ltr'><strong>set,</strong></span> <span class='ocrx_word' id='word_1_18' title='bbox 226 347 255 393; x_wconf 89' lang='lat' dir='ltr'><strong>et</strong></span> <span class='ocrx_word' id='word_1_19' title='bbox 269 343 318 393; x_wconf 87' lang='lat' dir='ltr'><strong>alii</strong></span> <span class='ocrx_word' id='word_1_20' title='bbox 332 344 378 410; x_wconf 87' lang='lat' dir='ltr'><strong>qui</strong></span> <span class='ocrx_word' id='word_1_21' title='bbox 388 343 463 393; x_wconf 87' lang='lat' dir='ltr'><strong>docti</strong></span> <span class='ocrx_word' id='word_1_22' title='bbox 498 343 663 407; x_wconf 86' lang='lat' dir='ltr'><strong>abebantur,</strong></span> <span class='ocrx_word' id='word_1_23' title='bbox 678 350 734 395; x_wconf 83' lang='lat' dir='ltr'><strong>tam</strong></span> <span class='ocrx_word' id='word_1_24' title='bbox 754 358 818 395; x_wconf 89' lang='lat' dir='ltr'><strong>uam</strong></span> <span class='ocrx_word' id='word_1_25' title='bbox 826 344 856 395; x_wconf 92' lang='lat' dir='ltr'><strong>in</strong></span> <span class='ocrx_word' id='word_1_26' title='bbox 865 344 975 397; x_wconf 83' lang='lat' dir='ltr'><strong>irescio</strong></span> 
     </span>
     <span class='ocr_line' id='line_1_5' title="bbox 164 410 971 479; baseline 0.005 -20"><span class='ocrx_word' id='word_1_27' title='bbox 164 410 230 475; x_wconf 87' lang='lat' dir='ltr'><strong>quid</strong></span> <span class='ocrx_word' id='word_1_28' title='bbox 240 424 369 477; x_wconf 87' lang='lat' dir='ltr'><strong>magnum</strong></span> <span class='ocrx_word' id='word_1_29' title='bbox 383 415 412 459; x_wconf 92' lang='lat' dir='ltr'><strong>et</strong></span> <span class='ocrx_word' id='word_1_30' title='bbox 423 410 545 459; x_wconf 85' lang='lat' dir='ltr'><strong>divinum</strong></span> <span class='ocrx_word' id='word_1_31' title='bbox 559 424 709 476; x_wconf 84' lang='lat' dir='ltr'><strong>suspensus</strong></span> <span class='ocrx_word' id='word_1_32' title='bbox 722 412 749 461; x_wconf 91' lang='lat' dir='ltr'><strong>io</strong></span> <span class='ocrx_word' id='word_1_33' title='bbox 770 411 895 475; x_wconf 88' lang='lat' dir='ltr'><strong>iaham),</strong></span> <span class='ocrx_word' id='word_1_34' title='bbox 910 412 971 479; x_wconf 86' lang='lat' dir='ltr'><strong>legi</strong></span> 
     </span>
     <span class='ocr_line' id='line_1_6' title="bbox 163 476 971 537; baseline 0.005 -12"><span class='ocrx_word' id='word_1_35' title='bbox 163 490 212 527; x_wconf 86' lang='lat' dir='ltr'><strong>eas</strong></span> <span class='ocrx_word' id='word_1_36' title='bbox 231 476 308 527; x_wconf 87' lang='lat' dir='ltr'><strong>solus</strong></span> <span class='ocrx_word' id='word_1_37' title='bbox 328 482 357 528; x_wconf 85' lang='lat' dir='ltr'><strong>et</strong></span> <span class='ocrx_word' id='word_1_38' title='bbox 373 476 517 527; x_wconf 68' lang='lat' dir='ltr'><strong>intellexi?</strong></span> <span class='ocrx_word' id='word_1_39' title='bbox 535 476 611 537; x_wconf 69' lang='lat' dir='ltr'><strong>Quas</strong></span> <span class='ocrx_word' id='word_1_40' title='bbox 628 491 689 527; x_wconf 90' lang='lat' dir='ltr'><strong>cum</strong></span> <span class='ocrx_word' id='word_1_41' title='bbox 706 478 892 529; x_wconf 75' lang='lat' dir='ltr'><strong>contulissem</strong></span> <span class='ocrx_word' id='word_1_42' title='bbox 906 494 971 529; x_wconf 91' lang='lat' dir='ltr'><strong>cum</strong></span> 
     </span>
     <span class='ocr_line' id='line_1_7' title="bbox 162 542 969 610; baseline 0.004 -18"><span class='ocrx_word' id='word_1_43' title='bbox 162 544 217 605; x_wconf 89' lang='lat' dir='ltr'><strong>eis,</strong></span> <span class='ocrx_word' id='word_1_44' title='bbox 237 544 284 609; x_wconf 87' lang='lat' dir='ltr'><strong>qui</strong></span> <span class='ocrx_word' id='word_1_45' title='bbox 301 558 331 593; x_wconf 91' lang='lat' dir='ltr'><strong>se</strong></span> <span class='ocrx_word' id='word_1_46' title='bbox 346 542 476 595; x_wconf 86' lang='lat' dir='ltr'><strong>dicebaut</strong></span> <span class='ocrx_word' id='word_1_47' title='bbox 488 544 535 593; x_wconf 84' lang='lat' dir='ltr'><strong>vix</strong></span> <span class='ocrx_word' id='word_1_48' title='bbox 548 557 596 593; x_wconf 87' lang='lat' dir='ltr'><strong>eas</strong></span> <span class='ocrx_word' id='word_1_49' title='bbox 609 545 752 610; x_wconf 76' lang='lat' dir='ltr'><strong>magistris</strong></span> <span class='ocrx_word' id='word_1_50' title='bbox 764 544 969 595; x_wconf 76' lang='lat' dir='ltr'><strong>eruditissimis</strong></span> 
     </span>
     <span class='ocr_line' id='line_1_8' title="bbox 161 609 968 677; baseline 0.001 -17"><span class='ocrx_word' id='word_1_51' title='bbox 161 624 217 660; x_wconf 91' lang='lat' dir='ltr'><strong>non</strong></span> <span class='ocrx_word' id='word_1_52' title='bbox 227 609 404 675; x_wconf 75' lang='lat' dir='ltr'><strong>loquentibus</strong></span> <span class='ocrx_word' id='word_1_53' title='bbox 414 615 534 671; x_wconf 88' lang='lat' dir='ltr'><strong>tantum,</strong></span> <span class='ocrx_word' id='word_1_54' title='bbox 548 610 695 663; x_wconf 85' lang='lat' dir='ltr'><strong>sedmulta</strong></span> <span class='ocrx_word' id='word_1_55' title='bbox 703 611 731 660; x_wconf 90' lang='lat' dir='ltr'><strong>in</strong></span> <span class='ocrx_word' id='word_1_56' title='bbox 741 609 856 675; x_wconf 70' lang='lat' dir='ltr'><strong>pulvere</strong></span> <span class='ocrx_word' id='word_1_57' title='bbox 867 611 968 677; x_wconf 88' lang='lat' dir='ltr'><strong>depin-</strong></span> 
     </span>
    </p>

    <p class='ocr_par' dir='ltr' id='par_1_3' title="bbox 113 674 1016 1479">
     <span class='ocr_line' id='line_1_9' title="bbox 113 674 967 747; baseline 0.002 -21"><span class='ocrx_word' id='word_1_58' title='bbox 113 733 122 747; x_wconf 27' lang='grc' dir='ltr'><strong>ς</strong></span> <span class='ocrx_word' id='word_1_59' title='bbox 162 676 290 743; x_wconf 87' lang='lat' dir='ltr'><strong>gentibus</strong></span> <span class='ocrx_word' id='word_1_60' title='bbox 309 676 495 739; x_wconf 81' lang='lat' dir='ltr'><strong>intellexisse3</strong></span> <span class='ocrx_word' id='word_1_61' title='bbox 514 674 584 726; x_wconf 91' lang='lat' dir='ltr'><strong>nihil</strong></span> <span class='ocrx_word' id='word_1_62' title='bbox 602 676 667 726; x_wconf 87' lang='lat' dir='ltr'><strong>inde</strong></span> <span class='ocrx_word' id='word_1_63' title='bbox 686 677 763 727; x_wconf 86' lang='lat' dir='ltr'><strong>aliud</strong></span> <span class='ocrx_word' id='word_1_64' title='bbox 778 675 849 726; x_wconf 89' lang='lat' dir='ltr'><strong>mihi</strong></span> <span class='ocrx_word' id='word_1_65' title='bbox 867 678 967 728; x_wconf 88' lang='lat' dir='ltr'><strong>dicere</strong></span> 
     </span>
     <span class='ocr_line' id='line_1_10' title="bbox 161 741 966 811; baseline 0.004 -19"><span class='ocrx_word' id='word_1_66' title='bbox 161 748 326 808; x_wconf 86' lang='lat' dir='ltr'><strong>potuerunt,</strong></span> <span class='ocrx_word' id='word_1_67' title='bbox 345 758 427 809; x_wconf 83' lang='lat' dir='ltr'><strong>quam</strong></span> <span class='ocrx_word' id='word_1_68' title='bbox 447 756 501 809; x_wconf 88' lang='lat' dir='ltr'><strong>ego</strong></span> <span class='ocrx_word' id='word_1_69' title='bbox 521 741 600 792; x_wconf 85' lang='lat' dir='ltr'><strong>solus</strong></span> <span class='ocrx_word' id='word_1_70' title='bbox 614 742 687 807; x_wconf 90' lang='lat' dir='ltr'><strong>apud</strong></span> <span class='ocrx_word' id='word_1_71' title='bbox 701 758 746 793; x_wconf 89' lang='lat' dir='ltr'><strong>me</strong></span> <span class='ocrx_word' id='word_1_72' title='bbox 759 744 851 809; x_wconf 87' lang='lat' dir='ltr'><strong>ipsum</strong></span> <span class='ocrx_word' id='word_1_73' title='bbox 862 744 966 811; x_wconf 86' lang='lat' dir='ltr'><strong>legens</strong></span> 
     </span>
     <span class='ocr_line' id='line_1_11' title="bbox 162 805 966 877; baseline 0.002 -19"><span class='ocrx_word' id='word_1_74' title='bbox 162 823 357 877; x_wconf 79' lang='lat' dir='ltr'><strong>cognoveram.</strong></span> <span class='ocrx_word' id='word_1_75' title='bbox 378 805 966 877; x_wconf 82' lang='lat' dir='ltr'><strong>Etsatisapertemihiridebantorloquen·</strong></span> 
     </span>
     <span class='ocr_line' id='line_1_12' title="bbox 161 873 964 943; baseline 0.002 -18"><span class='ocrx_word' id='word_1_76' title='bbox 161 881 205 926; x_wconf 86' lang='lat' dir='ltr'><strong>tes</strong></span> <span class='ocrx_word' id='word_1_77' title='bbox 222 875 257 926; x_wconf 89' lang='lat' dir='ltr'><strong>de</strong></span> <span class='ocrx_word' id='word_1_78' title='bbox 271 876 447 938; x_wconf 80' lang='lat' dir='ltr'><strong>substantiis,</strong></span> <span class='ocrx_word' id='word_1_79' title='bbox 467 876 549 927; x_wconf 86' lang='lat' dir='ltr'><strong>sicuti</strong></span> <span class='ocrx_word' id='word_1_80' title='bbox 563 881 608 925; x_wconf 86' lang='lat' dir='ltr'><strong>est</strong></span> <span class='ocrx_word' id='word_1_81' title='bbox 620 873 716 939; x_wconf 88' lang='lat' dir='ltr'><strong>homo;</strong></span> <span class='ocrx_word' id='word_1_82' title='bbox 735 882 764 927; x_wconf 87' lang='lat' dir='ltr'><strong>et</strong></span> <span class='ocrx_word' id='word_1_83' title='bbox 778 876 894 943; x_wconf 83' lang='lat' dir='ltr'><strong>quaein</strong></span> <span class='ocrx_word' id='word_1_84' title='bbox 906 877 964 927; x_wconf 91' lang='lat' dir='ltr'><strong>illis</strong></span> 
     </span>
     <span class='ocr_line' id='line_1_13' title="bbox 162 940 964 1010; baseline 0.001 -17"><span class='ocrx_word' id='word_1_85' title='bbox 162 949 268 1005; x_wconf 85' lang='lat' dir='ltr'><strong>essent,</strong></span> <span class='ocrx_word' id='word_1_86' title='bbox 285 944 368 994; x_wconf 89' lang='lat' dir='ltr'><strong>sicuti</strong></span> <span class='ocrx_word' id='word_1_87' title='bbox 382 950 426 994; x_wconf 86' lang='lat' dir='ltr'><strong>est</strong></span> <span class='ocrx_word' id='word_1_88' title='bbox 441 940 530 1010; x_wconf 87' lang='lat' dir='ltr'><strong>ligura</strong></span> <span class='ocrx_word' id='word_1_89' title='bbox 542 940 677 1004; x_wconf 79' lang='lat' dir='ltr'><strong>hominis,</strong></span> <span class='ocrx_word' id='word_1_90' title='bbox 690 943 780 1009; x_wconf 88' lang='lat' dir='ltr'><strong>qualis</strong></span> <span class='ocrx_word' id='word_1_91' title='bbox 789 944 827 994; x_wconf 83' lang='lat' dir='ltr'><strong>sit</strong></span> <span class='ocrx_word' id='word_1_92' title='bbox 836 948 964 994; x_wconf 86' lang='lat' dir='ltr'><strong>etstatu·</strong></span> 
     </span>
     <span class='ocr_line' id='line_1_14' title="bbox 160 1007 965 1077; baseline -0.001 -17"><span class='ocrx_word' id='word_1_93' title='bbox 160 1024 204 1072; x_wconf 88' lang='lat' dir='ltr'><strong>ra,</strong></span> <span class='ocrx_word' id='word_1_94' title='bbox 216 1010 392 1077; x_wconf 73' lang='lat' dir='ltr'><strong>quotpedum</strong></span> <span class='ocrx_word' id='word_1_95' title='bbox 402 1010 451 1072; x_wconf 87' lang='lat' dir='ltr'><strong>sit,</strong></span> <span class='ocrx_word' id='word_1_96' title='bbox 462 1015 492 1060; x_wconf 90' lang='lat' dir='ltr'><strong>et</strong></span> <span class='ocrx_word' id='word_1_97' title='bbox 501 1008 646 1077; x_wconf 85' lang='lat' dir='ltr'><strong>cognatio,</strong></span> <span class='ocrx_word' id='word_1_98' title='bbox 655 1010 736 1060; x_wconf 86' lang='lat' dir='ltr'><strong>cuius</strong></span> <span class='ocrx_word' id='word_1_99' title='bbox 747 1007 835 1060; x_wconf 76' lang='lat' dir='ltr'><strong>irater</strong></span> <span class='ocrx_word' id='word_1_100' title='bbox 848 1010 900 1072; x_wconf 89' lang='lat' dir='ltr'><strong>sit,</strong></span> <span class='ocrx_word' id='word_1_101' title='bbox 915 1015 965 1060; x_wconf 81' lang='lat' dir='ltr'><strong>aut</strong></span> 
     </span>
     <span class='ocr_line' id='line_1_15' title="bbox 161 1074 965 1142; baseline -0.004 -14"><span class='ocrx_word' id='word_1_102' title='bbox 161 1077 209 1128; x_wconf 88' lang='lat' dir='ltr'><strong>ubi</strong></span> <span class='ocrx_word' id='word_1_103' title='bbox 225 1079 263 1128; x_wconf 90' lang='lat' dir='ltr'><strong>sit</strong></span> <span class='ocrx_word' id='word_1_104' title='bbox 279 1079 460 1139; x_wconf 81' lang='lat' dir='ltr'><strong>constitutus,</strong></span> <span class='ocrx_word' id='word_1_105' title='bbox 480 1081 528 1127; x_wconf 85' lang='lat' dir='ltr'><strong>aut</strong></span> <span class='ocrx_word' id='word_1_106' title='bbox 547 1074 658 1142; x_wconf 85' lang='lat' dir='ltr'><strong>quando</strong></span> <span class='ocrx_word' id='word_1_107' title='bbox 671 1081 752 1127; x_wconf 84' lang='lat' dir='ltr'><strong>natus</strong></span> <span class='ocrx_word' id='word_1_108' title='bbox 764 1082 813 1127; x_wconf 86' lang='lat' dir='ltr'><strong>aut</strong></span> <span class='ocrx_word' id='word_1_109' title='bbox 826 1082 896 1139; x_wconf 86' lang='lat' dir='ltr'><strong>stet,</strong></span> <span class='ocrx_word' id='word_1_110' title='bbox 915 1083 965 1127; x_wconf 87' lang='lat' dir='ltr'><strong>aut</strong></span> 
     </span>
     <span class='ocr_line' id='line_1_16' title="bbox 162 1142 1016 1205; baseline -0.001 -11"><span class='ocrx_word' id='word_1_111' title='bbox 162 1144 271 1205; x_wconf 84' lang='lat' dir='ltr'><strong>sedeat,</strong></span> <span class='ocrx_word' id='word_1_112' title='bbox 287 1150 335 1193; x_wconf 89' lang='lat' dir='ltr'><strong>aut</strong></span> <span class='ocrx_word' id='word_1_113' title='bbox 345 1143 485 1193; x_wconf 87' lang='lat' dir='ltr'><strong>calceatus</strong></span> <span class='ocrx_word' id='word_1_114' title='bbox 495 1142 670 1193; x_wconf 86' lang='lat' dir='ltr'><strong>velarmatus</strong></span> <span class='ocrx_word' id='word_1_115' title='bbox 682 1143 733 1204; x_wconf 87' lang='lat' dir='ltr'><strong>sit,</strong></span> <span class='ocrx_word' id='word_1_116' title='bbox 748 1149 796 1194; x_wconf 88' lang='lat' dir='ltr'><strong>aut</strong></span> <span class='ocrx_word' id='word_1_117' title='bbox 804 1142 842 1194; x_wconf 85' lang='lat' dir='ltr'><strong>ali</strong></span> <span class='ocrx_word' id='word_1_118' title='bbox 863 1142 966 1195; x_wconf 76' lang='lat' dir='ltr'><strong>nidis·-</strong></span> <span class='ocrx_word' id='word_1_119' title='bbox 1015 1148 1016 1154; x_wconf 77' lang='grc'>’</span> 
     </span>
     <span class='ocr_line' id='line_1_17' title="bbox 161 1209 963 1275; baseline 0 -15"><span class='ocrx_word' id='word_1_120' title='bbox 161 1212 230 1273; x_wconf 87' lang='lat' dir='ltr'><strong>ciat,</strong></span> <span class='ocrx_word' id='word_1_121' title='bbox 246 1216 293 1259; x_wconf 89' lang='lat' dir='ltr'><strong>aut</strong></span> <span class='ocrx_word' id='word_1_122' title='bbox 306 1212 428 1275; x_wconf 87' lang='lat' dir='ltr'><strong>patiatur</strong></span> <span class='ocrx_word' id='word_1_123' title='bbox 441 1209 560 1275; x_wconf 68' lang='lat' dir='ltr'><strong>aliquid:</strong></span> <span class='ocrx_word' id='word_1_124' title='bbox 578 1217 609 1259; x_wconf 90' lang='lat' dir='ltr'><strong>et</strong></span> <span class='ocrx_word' id='word_1_125' title='bbox 620 1223 809 1275; x_wconf 86' lang='lat' dir='ltr'><strong>quaecumque</strong></span> <span class='ocrx_word' id='word_1_126' title='bbox 817 1210 848 1260; x_wconf 90' lang='lat' dir='ltr'><strong>in</strong></span> <span class='ocrx_word' id='word_1_127' title='bbox 875 1211 902 1261; x_wconf 89' lang='lat' dir='ltr'><strong>is</strong></span> <span class='ocrx_word' id='word_1_128' title='bbox 913 1224 963 1260; x_wconf 88' lang='lat' dir='ltr'><strong>no·</strong></span> 
     </span>
     <span class='ocr_line' id='line_1_18' title="bbox 160 1274 962 1346; baseline 0.001 -20"><span class='ocrx_word' id='word_1_129' title='bbox 160 1291 223 1327; x_wconf 85' lang='lat' dir='ltr'><strong>uem</strong></span> <span class='ocrx_word' id='word_1_130' title='bbox 233 1274 395 1342; x_wconf 85' lang='lat' dir='ltr'><strong>generibus,</strong></span> <span class='ocrx_word' id='word_1_131' title='bbox 409 1289 527 1341; x_wconf 82' lang='lat' dir='ltr'><strong>quorum</strong></span> <span class='ocrx_word' id='word_1_132' title='bbox 537 1276 657 1342; x_wconf 81' lang='lat' dir='ltr'><strong>exempli</strong></span> <span class='ocrx_word' id='word_1_133' title='bbox 666 1276 757 1346; x_wconf 84' lang='lat' dir='ltr'><strong>gratia</strong></span> <span class='ocrx_word' id='word_1_134' title='bbox 767 1276 904 1342; x_wconf 82' lang='lat' dir='ltr'><strong>quaedam</strong></span> <span class='ocrx_word' id='word_1_135' title='bbox 913 1291 962 1343; x_wconf 91' lang='lat' dir='ltr'><strong>po·</strong></span> 
     </span>
     <span class='ocr_line' id='line_1_19' title="bbox 161 1342 962 1409; baseline -0.001 -16"><span class='ocrx_word' id='word_1_136' title='bbox 161 1344 217 1405; x_wconf 86' lang='lat' dir='ltr'><strong>sui,</strong></span> <span class='ocrx_word' id='word_1_137' title='bbox 239 1343 285 1392; x_wconf 83' lang='lat' dir='ltr'><strong>rel</strong></span> <span class='ocrx_word' id='word_1_138' title='bbox 305 1343 414 1408; x_wconf 88' lang='lat' dir='ltr'><strong>inipso</strong></span> <span class='ocrx_word' id='word_1_139' title='bbox 434 1342 607 1393; x_wconf 85' lang='lat' dir='ltr'><strong>substantiae</strong></span> <span class='ocrx_word' id='word_1_140' title='bbox 626 1348 731 1409; x_wconf 81' lang='lat' dir='ltr'><strong>genere</strong></span> <span class='ocrx_word' id='word_1_141' title='bbox 748 1343 962 1395; x_wconf 83' lang='lat' dir='ltr'><strong>innumerabilia</strong></span> 
     </span>
     <span class='ocr_line' id='line_1_20' title="bbox 160 1407 962 1479; baseline 0.001 -19"><span class='ocrx_word' id='word_1_142' title='bbox 160 1410 345 1479; x_wconf 85' lang='lat' dir='ltr'><strong>reperiuntur.</strong></span> <span class='ocrx_word' id='word_1_143' title='bbox 382 1408 455 1471; x_wconf 72' lang='lat' dir='ltr'><strong>Quid</strong></span> <span class='ocrx_word' id='word_1_144' title='bbox 478 1407 532 1459; x_wconf 94' lang='lat' dir='ltr'><strong>hoc</strong></span> <span class='ocrx_word' id='word_1_145' title='bbox 553 1407 622 1459; x_wconf 88' lang='lat' dir='ltr'><strong>mihi</strong></span> <span class='ocrx_word' id='word_1_146' title='bbox 642 1408 787 1475; x_wconf 61' lang='lat' dir='ltr'><strong>proderat5</strong></span> <span class='ocrx_word' id='word_1_147' title='bbox 810 1410 920 1478; x_wconf 88' lang='lat' dir='ltr'><strong>quaudo</strong></span> <span class='ocrx_word' id='word_1_148' title='bbox 930 1418 962 1461; x_wconf 84' lang='lat' dir='ltr'><strong>et</strong></span> 
     </span>
    </p>

    <p class='ocr_par' dir='ltr' id='par_1_4' title="bbox 123 1476 1015 1814">
     <span class='ocr_line' id='line_1_21' title="bbox 123 1476 961 1540; baseline 0 -12"><span class='ocrx_word' id='word_1_149' title='bbox 123 1483 126 1493; x_wconf 79' lang='grc'><strong>“</strong></span> <span class='ocrx_word' id='word_1_150' title='bbox 161 1479 272 1540; x_wconf 81' lang='lat' dir='ltr'><strong>oberat,</strong></span> <span class='ocrx_word' id='word_1_151' title='bbox 291 1491 352 1528; x_wconf 89' lang='lat' dir='ltr'><strong>eum</strong></span> <span class='ocrx_word' id='word_1_152' title='bbox 368 1478 506 1539; x_wconf 74' lang='lat' dir='ltr'><strong>atlante,</strong></span> <span class='ocrx_word' id='word_1_153' title='bbox 522 1476 599 1527; x_wconf 87' lang='lat' dir='ltr'><strong>Deus</strong></span> <span class='ocrx_word' id='word_1_154' title='bbox 613 1491 704 1540; x_wconf 88' lang='lat' dir='ltr'><strong>meus,</strong></span> <span class='ocrx_word' id='word_1_155' title='bbox 717 1477 884 1529; x_wconf 87' lang='lat' dir='ltr'><strong>mirabiliter</strong></span> <span class='ocrx_word' id='word_1_156' title='bbox 896 1479 961 1528; x_wconf 87' lang='lat' dir='ltr'><strong>sim·</strong></span> 
     </span>
     <span class='ocr_line' id='line_1_22' title="bbox 160 1543 1015 1612; baseline 0 -17"><span class='ocrx_word' id='word_1_157' title='bbox 160 1546 261 1611; x_wconf 84' lang='lat' dir='ltr'><strong>plicam</strong></span> <span class='ocrx_word' id='word_1_158' title='bbox 272 1551 355 1612; x_wconf 87' lang='lat' dir='ltr'><strong>atque</strong></span> <span class='ocrx_word' id='word_1_159' title='bbox 364 1543 631 1605; x_wconf 82' lang='lat' dir='ltr'><strong>incommutabilem,</strong></span> <span class='ocrx_word' id='word_1_160' title='bbox 643 1545 701 1595; x_wconf 86' lang='lat' dir='ltr'><strong>illis</strong></span> <span class='ocrx_word' id='word_1_161' title='bbox 711 1544 808 1595; x_wconf 89' lang='lat' dir='ltr'><strong>decem</strong></span> <span class='ocrx_word' id='word_1_162' title='bbox 817 1544 960 1611; x_wconf 81' lang='lat' dir='ltr'><strong>praedica·</strong></span> <span class='ocrx_word' id='word_1_163' title='bbox 1014 1566 1015 1569; x_wconf 41' lang='lat'>¹</span> 
     </span>
     <span class='ocr_line' id='line_1_23' title="bbox 160 1610 957 1679; baseline -0.005 -16"><span class='ocrx_word' id='word_1_164' title='bbox 160 1613 260 1664; x_wconf 82' lang='lat' dir='ltr'><strong>montis</strong></span> <span class='ocrx_word' id='word_1_165' title='bbox 267 1619 366 1679; x_wconf 81' lang='lat' dir='ltr'><strong>putans</strong></span> <span class='ocrx_word' id='word_1_166' title='bbox 373 1612 507 1679; x_wconf 86' lang='lat' dir='ltr'><strong>quidquid</strong></span> <span class='ocrx_word' id='word_1_167' title='bbox 513 1616 590 1664; x_wconf 83' lang='lat' dir='ltr'><strong>esset</strong></span> <span class='ocrx_word' id='word_1_168' title='bbox 595 1611 707 1662; x_wconf 88' lang='lat' dir='ltr'><strong>omnino</strong></span> <span class='ocrx_word' id='word_1_169' title='bbox 717 1610 957 1676; x_wconf 83' lang='lat' dir='ltr'><strong>comprehensum,</strong></span> 
     </span>
     <span class='ocr_line' id='line_1_24' title="bbox 159 1677 1014 1746; baseline -0.001 -16"><span class='ocrx_word' id='word_1_170' title='bbox 159 1681 201 1732; x_wconf 84' lang='lat' dir='ltr'><strong>sic</strong></span> <span class='ocrx_word' id='word_1_171' title='bbox 218 1679 379 1746; x_wconf 86' lang='lat' dir='ltr'><strong>intelligere</strong></span> <span class='ocrx_word' id='word_1_172' title='bbox 396 1693 527 1742; x_wconf 90' lang='lat' dir='ltr'><strong>conarer,</strong></span> <span class='ocrx_word' id='word_1_173' title='bbox 545 1677 625 1745; x_wconf 86' lang='lat' dir='ltr'><strong>quasi</strong></span> <span class='ocrx_word' id='word_1_174' title='bbox 640 1684 669 1728; x_wconf 82' lang='lat' dir='ltr'><strong>et</strong></span> <span class='ocrx_word' id='word_1_175' title='bbox 679 1682 710 1727; x_wconf 88' lang='lat' dir='ltr'><strong>tu</strong></span> <span class='ocrx_word' id='word_1_176' title='bbox 724 1678 867 1730; x_wconf 85' lang='lat' dir='ltr'><strong>subiectus</strong></span> <span class='ocrx_word' id='word_1_177' title='bbox 879 1692 957 1729; x_wconf 88' lang='lat' dir='ltr'><strong>esses</strong></span> <span class='ocrx_word' id='word_1_178' title='bbox 1013 1720 1014 1729; x_wconf 70' lang='grc'>,</span> 
     </span>
     <span class='ocr_line' id='line_1_25' title="bbox 159 1743 957 1814; baseline -0.004 -17"><span class='ocrx_word' id='word_1_179' title='bbox 159 1747 343 1814; x_wconf 81' lang='lat' dir='ltr'><strong>magnitudini</strong></span> <span class='ocrx_word' id='word_1_180' title='bbox 360 1753 423 1798; x_wconf 88' lang='lat' dir='ltr'><strong>tuae</strong></span> <span class='ocrx_word' id='word_1_181' title='bbox 437 1753 485 1798; x_wconf 86' lang='lat' dir='ltr'><strong>aut</strong></span> <span class='ocrx_word' id='word_1_182' title='bbox 496 1743 708 1812; x_wconf 81' lang='lat' dir='ltr'><strong>pulchritudini,</strong></span> <span class='ocrx_word' id='word_1_183' title='bbox 723 1751 754 1796; x_wconf 87' lang='lat' dir='ltr'><strong>ut</strong></span> <span class='ocrx_word' id='word_1_184' title='bbox 765 1745 817 1795; x_wconf 90' lang='lat' dir='ltr'><strong>illa</strong></span> <span class='ocrx_word' id='word_1_185' title='bbox 825 1750 919 1796; x_wconf 83' lang='lat' dir='ltr'><strong>assent</strong></span> <span class='ocrx_word' id='word_1_186' title='bbox 926 1745 957 1794; x_wconf 91' lang='lat' dir='ltr'><strong>in</strong></span> 
     </span>
    </p>

    <p class='ocr_par' dir='ltr' id='par_1_5' title="bbox 159 1812 956 1878">
     <span class='ocr_line' id='line_1_26' title="bbox 159 1812 956 1878; baseline -0.003 -15"><span class='ocrx_word' id='word_1_187' title='bbox 159 1821 188 1864; x_wconf 92' lang='lat' dir='ltr'><strong>te</strong></span> <span class='ocrx_word' id='word_1_188' title='bbox 214 1816 274 1865; x_wconf 84' lang='lat' dir='ltr'><strong>uasi</strong></span> <span class='ocrx_word' id='word_1_189' title='bbox 284 1815 312 1864; x_wconf 86' lang='lat' dir='ltr'><strong>in</strong></span> <span class='ocrx_word' id='word_1_190' title='bbox 320 1813 456 1876; x_wconf 88' lang='lat' dir='ltr'><strong>subiecto,</strong></span> <span class='ocrx_word' id='word_1_191' title='bbox 466 1813 573 1864; x_wconf 79' lang='lat' dir='ltr'><strong>siautin</strong></span> <span class='ocrx_word' id='word_1_192' title='bbox 583 1825 714 1878; x_wconf 83' lang='lat' dir='ltr'><strong>eorpore3</strong></span> <span class='ocrx_word' id='word_1_193' title='bbox 726 1825 786 1862; x_wconf 89' lang='lat' dir='ltr'><strong>cum</strong></span> <span class='ocrx_word' id='word_1_194' title='bbox 795 1817 844 1862; x_wconf 84' lang='lat' dir='ltr'><strong>tua</strong></span> <span class='ocrx_word' id='word_1_195' title='bbox 853 1812 956 1878; x_wconf 80' lang='lat' dir='ltr'><strong>magui-</strong></span> 
     </span>
    </p>

    <p class='ocr_par' dir='ltr' id='par_1_6' title="bbox 159 1829 956 1946">
     <span class='ocr_line' id='line_1_27' title="bbox 159 1829 956 1946; baseline -0.003 -16"><span class='ocrx_word' id='word_1_196' title='bbox 159 1829 227 1930; x_wconf 51' lang='lat' dir='ltr'><strong>tuffo</strong></span> <span class='ocrx_word' id='word_1_197' title='bbox 247 1887 276 1932; x_wconf 85' lang='lat' dir='ltr'><strong>et</strong></span> <span class='ocrx_word' id='word_1_198' title='bbox 294 1887 342 1931; x_wconf 89' lang='lat' dir='ltr'><strong>tua</strong></span> <span class='ocrx_word' id='word_1_199' title='bbox 360 1877 537 1945; x_wconf 83' lang='lat' dir='ltr'><strong>pulchritudo</strong></span> <span class='ocrx_word' id='word_1_200' title='bbox 554 1886 586 1930; x_wconf 89' lang='lat' dir='ltr'><strong>tu</strong></span> <span class='ocrx_word' id='word_1_201' title='bbox 602 1880 663 1945; x_wconf 89' lang='lat' dir='ltr'><strong>ipse</strong></span> <span class='ocrx_word' id='word_1_202' title='bbox 677 1878 730 1942; x_wconf 81' lang='lat' dir='ltr'><strong>sis3</strong></span> <span class='ocrx_word' id='word_1_203' title='bbox 749 1894 851 1946; x_wconf 89' lang='lat' dir='ltr'><strong>corpus</strong></span> <span class='ocrx_word' id='word_1_204' title='bbox 865 1885 956 1929; x_wconf 87' lang='lat' dir='ltr'><strong>autem</strong></span> 
     </span>
    </p>

    <p class='ocr_par' dir='ltr' id='par_1_7' title="bbox 159 1945 954 2146">
     <span class='ocr_line' id='line_1_28' title="bbox 160 1945 954 2014; baseline -0.004 -16"><span class='ocrx_word' id='word_1_205' title='bbox 160 1961 215 1998; x_wconf 91' lang='lat' dir='ltr'><strong>non</strong></span> <span class='ocrx_word' id='word_1_206' title='bbox 234 1961 269 1998; x_wconf 89' lang='lat' dir='ltr'><strong>eo</strong></span> <span class='ocrx_word' id='word_1_207' title='bbox 288 1948 325 1997; x_wconf 91' lang='lat' dir='ltr'><strong>sit</strong></span> <span class='ocrx_word' id='word_1_208' title='bbox 343 1961 472 2013; x_wconf 89' lang='lat' dir='ltr'><strong>magnum</strong></span> <span class='ocrx_word' id='word_1_209' title='bbox 490 1953 520 1996; x_wconf 91' lang='lat' dir='ltr'><strong>et</strong></span> <span class='ocrx_word' id='word_1_210' title='bbox 537 1945 694 2014; x_wconf 83' lang='lat' dir='ltr'><strong>pulchrum,</strong></span> <span class='ocrx_word' id='word_1_211' title='bbox 712 1961 767 2013; x_wconf 86' lang='lat' dir='ltr'><strong>quo</strong></span> <span class='ocrx_word' id='word_1_212' title='bbox 787 1960 889 2011; x_wconf 83' lang='lat' dir='ltr'><strong>corpus</strong></span> <span class='ocrx_word' id='word_1_213' title='bbox 903 1952 954 2007; x_wconf 82' lang='lat' dir='ltr'><strong>est,</strong></span> 
     </span>
     <span class='ocr_line' id='line_1_29' title="bbox 160 2010 953 2080; baseline -0.004 -17"><span class='ocrx_word' id='word_1_214' title='bbox 160 2014 225 2080; x_wconf 86' lang='lat' dir='ltr'><strong>quia</strong></span> <span class='ocrx_word' id='word_1_215' title='bbox 244 2013 298 2064; x_wconf 86' lang='lat' dir='ltr'><strong>etsi</strong></span> <span class='ocrx_word' id='word_1_216' title='bbox 314 2013 406 2064; x_wconf 86' lang='lat' dir='ltr'><strong>minus</strong></span> <span class='ocrx_word' id='word_1_217' title='bbox 425 2025 555 2080; x_wconf 78' lang='lat' dir='ltr'><strong>magnum</strong></span> <span class='ocrx_word' id='word_1_218' title='bbox 570 2020 600 2063; x_wconf 89' lang='lat' dir='ltr'><strong>et</strong></span> <span class='ocrx_word' id='word_1_219' title='bbox 610 2014 699 2064; x_wconf 87' lang='lat' dir='ltr'><strong>minus</strong></span> <span class='ocrx_word' id='word_1_220' title='bbox 712 2010 857 2079; x_wconf 84' lang='lat' dir='ltr'><strong>pulchrum</strong></span> <span class='ocrx_word' id='word_1_221' title='bbox 871 2016 953 2072; x_wconf 75' lang='lat' dir='ltr'><strong>esset,</strong></span> 
     </span>
     <span class='ocr_line' id='line_1_30' title="bbox 159 2078 953 2146; baseline -0.001 -17"><span class='ocrx_word' id='word_1_222' title='bbox 159 2078 247 2129; x_wconf 89' lang='lat' dir='ltr'><strong>nihilo</strong></span> <span class='ocrx_word' id='word_1_223' title='bbox 257 2081 346 2130; x_wconf 88' lang='lat' dir='ltr'><strong>minus</strong></span> <span class='ocrx_word' id='word_1_224' title='bbox 358 2093 458 2146; x_wconf 85' lang='lat' dir='ltr'><strong>eorpus</strong></span> <span class='ocrx_word' id='word_1_225' title='bbox 469 2081 560 2137; x_wconf 59' lang='lat' dir='ltr'><strong>esset}</strong></span> <span class='ocrx_word' id='word_1_226' title='bbox 576 2079 697 2130; x_wconf 83' lang='lat' dir='ltr'><strong>Falsitas</strong></span> <span class='ocrx_word' id='word_1_227' title='bbox 706 2081 780 2131; x_wconf 88' lang='lat' dir='ltr'><strong>enim</strong></span> <span class='ocrx_word' id='word_1_228' title='bbox 789 2085 864 2139; x_wconf 83' lang='lat' dir='ltr'><strong>erat,</strong></span> <span class='ocrx_word' id='word_1_229' title='bbox 874 2090 953 2144; x_wconf 86' lang='lat' dir='ltr'><strong>quarn</strong></span> 
     </span>
    </p>

    <p class='ocr_par' dir='ltr' id='par_1_8' title="bbox 160 2145 954 2215">
     <span class='ocr_line' id='line_1_31' title="bbox 160 2145 954 2215; baseline -0.003 -19"><span class='ocrx_word' id='word_1_230' title='bbox 160 2146 194 2196; x_wconf 87' lang='lat' dir='ltr'><strong>de</strong></span> <span class='ocrx_word' id='word_1_231' title='bbox 208 2153 237 2197; x_wconf 90' lang='lat' dir='ltr'><strong>te</strong></span> <span class='ocrx_word' id='word_1_232' title='bbox 252 2145 421 2212; x_wconf 83' lang='lat' dir='ltr'><strong>cogitabam,</strong></span> <span class='ocrx_word' id='word_1_233' title='bbox 440 2162 495 2198; x_wconf 88' lang='lat' dir='ltr'><strong>non</strong></span> <span class='ocrx_word' id='word_1_234' title='bbox 510 2148 627 2208; x_wconf 78' lang='lat' dir='ltr'><strong>veritas,</strong></span> <span class='ocrx_word' id='word_1_235' title='bbox 641 2152 670 2196; x_wconf 87' lang='lat' dir='ltr'><strong>et</strong></span> <span class='ocrx_word' id='word_1_236' title='bbox 682 2147 815 2215; x_wconf 84' lang='lat' dir='ltr'><strong>tigmenta</strong></span> <span class='ocrx_word' id='word_1_237' title='bbox 826 2145 954 2196; x_wconf 85' lang='lat' dir='ltr'><strong>miseriae</strong></span> 
     </span>
    </p>

    <p class='ocr_par' dir='ltr' id='par_1_9' title="bbox 159 2212 953 2275">
     <span class='ocr_line' id='line_1_32' title="bbox 159 2212 953 2275; baseline 0 -13"><span class='ocrx_word' id='word_1_238' title='bbox 159 2227 252 2275; x_wconf 87' lang='lat' dir='ltr'><strong>meae,</strong></span> <span class='ocrx_word' id='word_1_239' title='bbox 271 2228 326 2263; x_wconf 90' lang='lat' dir='ltr'><strong>non</strong></span> <span class='ocrx_word' id='word_1_240' title='bbox 345 2213 516 2265; x_wconf 74' lang='lat' dir='ltr'><strong>firmamenta</strong></span> <span class='ocrx_word' id='word_1_241' title='bbox 527 2213 707 2266; x_wconf 87' lang='lat' dir='ltr'><strong>beatitudinis</strong></span> <span class='ocrx_word' id='word_1_242' title='bbox 721 2219 796 2264; x_wconf 85' lang='lat' dir='ltr'><strong>tuae.</strong></span> <span class='ocrx_word' id='word_1_243' title='bbox 830 2212 953 2263; x_wconf 84' lang='lat' dir='ltr'><strong>iusseras</strong></span> 
     </span>
    </p>

    <p class='ocr_par' dir='ltr' id='par_1_10' title="bbox 158 2277 1008 2549">
     <span class='ocr_line' id='line_1_33' title="bbox 159 2277 952 2346; baseline -0.003 -16"><span class='ocrx_word' id='word_1_244' title='bbox 159 2281 244 2342; x_wconf 86' lang='lat' dir='ltr'><strong>enim,</strong></span> <span class='ocrx_word' id='word_1_245' title='bbox 259 2286 288 2332; x_wconf 89' lang='lat' dir='ltr'><strong>et</strong></span> <span class='ocrx_word' id='word_1_246' title='bbox 301 2281 342 2330; x_wconf 86' lang='lat' dir='ltr'><strong>ita</strong></span> <span class='ocrx_word' id='word_1_247' title='bbox 356 2280 442 2332; x_wconf 80' lang='lat' dir='ltr'><strong>tiebat</strong></span> <span class='ocrx_word' id='word_1_248' title='bbox 452 2282 481 2333; x_wconf 82' lang='lat' dir='ltr'><strong>in</strong></span> <span class='ocrx_word' id='word_1_249' title='bbox 494 2296 553 2342; x_wconf 90' lang='lat' dir='ltr'><strong>me,</strong></span> <span class='ocrx_word' id='word_1_250' title='bbox 566 2287 598 2331; x_wconf 86' lang='lat' dir='ltr'><strong>ut</strong></span> <span class='ocrx_word' id='word_1_251' title='bbox 609 2286 686 2330; x_wconf 85' lang='lat' dir='ltr'><strong>terra</strong></span> <span class='ocrx_word' id='word_1_252' title='bbox 695 2281 790 2346; x_wconf 86' lang='lat' dir='ltr'><strong>spinas</strong></span> <span class='ocrx_word' id='word_1_253' title='bbox 799 2283 829 2329; x_wconf 89' lang='lat' dir='ltr'><strong>et</strong></span> <span class='ocrx_word' id='word_1_254' title='bbox 837 2277 952 2329; x_wconf 87' lang='lat' dir='ltr'><strong>tribulos</strong></span> 
     </span>
     <span class='ocr_line' id='line_1_34' title="bbox 159 2345 951 2414; baseline -0.005 -17"><span class='ocrx_word' id='word_1_255' title='bbox 159 2354 270 2414; x_wconf 91' lang='lat' dir='ltr'><strong>pareret</strong></span> <span class='ocrx_word' id='word_1_256' title='bbox 285 2346 367 2410; x_wconf 87' lang='lat' dir='ltr'><strong>mihi,</strong></span> <span class='ocrx_word' id='word_1_257' title='bbox 387 2356 416 2399; x_wconf 87' lang='lat' dir='ltr'><strong>et</strong></span> <span class='ocrx_word' id='word_1_258' title='bbox 432 2363 495 2399; x_wconf 85' lang='lat' dir='ltr'><strong>cum</strong></span> <span class='ocrx_word' id='word_1_259' title='bbox 512 2348 609 2398; x_wconf 88' lang='lat' dir='ltr'><strong>labore</strong></span> <span class='ocrx_word' id='word_1_260' title='bbox 621 2349 796 2414; x_wconf 78' lang='lat' dir='ltr'><strong>pervenirem</strong></span> <span class='ocrx_word' id='word_1_261' title='bbox 807 2345 843 2395; x_wconf 83' lang='lat' dir='ltr'><strong>ed</strong></span> <span class='ocrx_word' id='word_1_262' title='bbox 856 2357 951 2410; x_wconf 88' lang='lat' dir='ltr'><strong>panem</strong></span> 
     </span>
     <span class='ocr_line' id='line_1_35' title="bbox 158 2411 952 2483; baseline -0.008 -17"><span class='ocrx_word' id='word_1_263' title='bbox 158 2429 257 2466; x_wconf 79' lang='lat' dir='ltr'><strong>menna</strong></span> <span class='ocrx_word' id='word_1_264' title='bbox 292 2415 329 2465; x_wconf 84' lang='lat' dir='ltr'><strong>Et</strong></span> <span class='ocrx_word' id='word_1_265' title='bbox 346 2417 411 2483; x_wconf 88' lang='lat' dir='ltr'><strong>quid</strong></span> <span class='ocrx_word' id='word_1_266' title='bbox 428 2413 496 2468; x_wconf 90' lang='lat' dir='ltr'><strong>mihi</strong></span> <span class='ocrx_word' id='word_1_267' title='bbox 510 2415 655 2482; x_wconf 84' lang='lat' dir='ltr'><strong>proderat,</strong></span> <span class='ocrx_word' id='word_1_268' title='bbox 670 2413 746 2481; x_wconf 90' lang='lat' dir='ltr'><strong>qood</strong></span> <span class='ocrx_word' id='word_1_269' title='bbox 759 2426 855 2464; x_wconf 88' lang='lat' dir='ltr'><strong>omnes</strong></span> <span class='ocrx_word' id='word_1_270' title='bbox 868 2411 952 2461; x_wconf 85' lang='lat' dir='ltr'><strong>libros</strong></span> 
     </span>
     <span class='ocr_line' id='line_1_36' title="bbox 158 2478 1008 2549; baseline -0.005 -19"><span class='ocrx_word' id='word_1_271' title='bbox 158 2484 270 2545; x_wconf 81' lang='lat' dir='ltr'><strong>artium,</strong></span> <span class='ocrx_word' id='word_1_272' title='bbox 285 2497 353 2549; x_wconf 89' lang='lat' dir='ltr'><strong>quas</strong></span> <span class='ocrx_word' id='word_1_273' title='bbox 367 2482 498 2534; x_wconf 85' lang='lat' dir='ltr'><strong>liberales</strong></span> <span class='ocrx_word' id='word_1_274' title='bbox 508 2486 696 2543; x_wconf 83' lang='lat' dir='ltr'><strong>vocant,tunc</strong></span> <span class='ocrx_word' id='word_1_275' title='bbox 705 2478 951 2548; x_wconf 82' lang='lat' dir='ltr'><strong>nequissimusma·</strong></span> <span class='ocrx_word' id='word_1_276' title='bbox 1007 2496 1008 2501; x_wconf 47' lang='lat'>¹</span> 
     </span>
    </p>

    <p class='ocr_par' dir='ltr' id='par_1_11' title="bbox 157 2504 1009 2616">
     <span class='ocr_line' id='line_1_37' title="bbox 157 2504 1009 2616; baseline -0.005 -19"><span class='ocrx_word' id='word_1_277' title='bbox 157 2548 245 2600; x_wconf 86' lang='lat' dir='ltr'><strong>larum</strong></span> <span class='ocrx_word' id='word_1_278' title='bbox 256 2550 436 2616; x_wconf 79' lang='lat' dir='ltr'><strong>cupiditatum</strong></span> <span class='ocrx_word' id='word_1_279' title='bbox 446 2563 542 2600; x_wconf 79' lang='lat' dir='ltr'><strong>servus</strong></span> <span class='ocrx_word' id='word_1_280' title='bbox 551 2563 654 2616; x_wconf 71' lang='lat' dir='ltr'><strong>pernae</strong></span> <span class='ocrx_word' id='word_1_281' title='bbox 663 2546 773 2614; x_wconf 87' lang='lat' dir='ltr'><strong>ipsuml</strong></span> <span class='ocrx_word' id='word_1_282' title='bbox 813 2544 951 2595; x_wconf 86' lang='lat' dir='ltr'><strong>&#39;etintel-</strong></span> <span class='ocrx_word' id='word_1_283' title='bbox 1007 2504 1009 2613; x_wconf 54' lang='lat' dir='ltr'><strong><em>J</em></strong></span> 
     </span>
    </p>

    <p class='ocr_par' dir='ltr' id='par_1_12' title="bbox 158 2611 1007 2761">
     <span class='ocr_line' id='line_1_38' title="bbox 158 2611 951 2685; baseline -0.004 -19"><span class='ocrx_word' id='word_1_284' title='bbox 158 2615 227 2680; x_wconf 82' lang='lat' dir='ltr'><strong>leri,</strong></span> <span class='ocrx_word' id='word_1_285' title='bbox 241 2631 427 2685; x_wconf 86' lang='lat' dir='ltr'><strong>quoscumque</strong></span> <span class='ocrx_word' id='word_1_286' title='bbox 438 2618 533 2685; x_wconf 85' lang='lat' dir='ltr'><strong>legere</strong></span> <span class='ocrx_word' id='word_1_287' title='bbox 543 2615 638 2685; x_wconf 66' lang='lat' dir='ltr'><strong>potuit</strong></span> <span class='ocrx_word' id='word_1_288' title='bbox 655 2616 692 2668; x_wconf 85' lang='lat' dir='ltr'><strong>Et</strong></span> <span class='ocrx_word' id='word_1_289' title='bbox 700 2614 792 2681; x_wconf 84' lang='lat' dir='ltr'><strong>gaude</strong></span> <span class='ocrx_word' id='word_1_290' title='bbox 810 2611 951 2672; x_wconf 65' lang='lat' dir='ltr'><strong>amisus.</strong></span> 
     </span>
    </p>
   </div>
   <div class='ocr_carea' id='block_1_3' title="bbox 0 0 1030 2925">
    <p class='ocr_par' dir='ltr' id='par_1_13' title="bbox 0 0 1030 2925">
     <span class='ocr_line' id='line_1_39' title="bbox 0 0 1030 2925; baseline 0 3"><span class='ocrx_word' id='word_1_291' title='bbox 0 0 1030 2925; x_wconf 95' lang='lat' dir='ltr'><strong> </strong></span> 
     </span>
    </p>
   </div>
  </div>
 </body>
</html>
