2050 2925
64 108 71 121 ⁴
150 127 216 201 c·
296 118 300 123 ’
366 121 780 203 nunaur'rnucusrrnr
850 184 857 193 ,

166 248 230 301 dieti
245 262 279 300 ea
288 245 394 302 homini
405 266 439 303 ex
449 252 513 303 aliia
523 250 558 301 de
568 264 600 301 ae
611 248 765 311 coniicere,
780 254 809 298 et
818 246 966 298 auctorita·
987 266 999 291 x

165 316 239 367 tibus
263 316 358 389 etim
369 317 594 369 muliercularum
616 316 704 367 multa
726 314 761 366 de
785 329 815 368 re
842 313 957 365 credere

164 382 247 433 Erana
258 384 344 447 enim,
360 383 524 435 etrirebam
534 383 706 443 etiamtunc,
721 388 750 432 et
759 381 852 447 cigna,
867 379 966 446 quibua

164 464 248 503 aenea
260 464 323 501 mea
336 455 404 501 nota
417 450 480 505 aliis
493 448 629 510 iacerem,
647 448 703 498 iam
717 448 746 497 in
762 447 816 498 line
830 445 965 497 infantiae
1016 469 1017 480 2

165 517 339 583 quaerebam.
367 516 445 567 Unde
456 514 510 581 hoc
518 515 575 566 tale
586 514 687 565 animal
696 514 752 565 niai
761 513 810 565 aba
819 519 858 574 te,
870 512 965 563 Douri-

87 630 90 637 ,
164 582 216 635 uei
232 583 274 634 An
310 584 476 648 uisquamae
496 580 619 633 faciendi
633 581 688 631 erit
703 578 821 631 artifexl
841 578 967 630 Antulla

163 663 235 701 uena
251 597 372 701 traditur
389 648 514 711 aliunde,
533 661 664 714 quaerre
679 647 814 697 etrivere
830 652 924 696 currat
936 647 966 695 in

163 731 224 777 rice,
234 720 426 782 praeterquam
437 714 511 781 quod
519 720 550 765 tu
559 712 630 764 facia
639 711 836 776 ncr,Damiae,
846 712 894 763 cui
902 726 967 763 aare

164 789 194 835 et
204 783 298 833 uivere
308 796 363 833 non
373 782 449 833 aliud
460 789 543 847 atque
553 779 629 831 aliud
639 786 694 842 eat3
712 780 778 846 quia
787 792 892 830 summe
902 792 966 830 ease

163 854 246 914 atque
257 862 361 901 summe
381 848 512 899 vivereid
526 848 617 913 ipsum
628 845 677 897 eal
694 844 821 898 Summae
836 846 910 896 enim
924 858 966 906 ea,

163 921 193 965 et
203 929 259 967 nun
268 916 394 979 mutarim
405 929 494 981 neque
504 914 647 981 peragitur
654 913 684 963 in
694 919 723 963 te
732 908 884 964 hodiernae
894 910 966 972 dier,

163 988 290 1033 ettamen
298 981 326 1033 in
337 989 365 1037 te
374 983 527 1049 peragitur,
535 981 600 1047 quia
608 981 675 1030 inte
684 985 749 1030 runt
759 985 789 1029 et
797 980 852 1029 ieta
861 978 963 1027 numia.

162 1047 226 1100 Nun
240 1050 312 1099 enim
327 1048 461 1111 haberent
474 1050 534 1099 vias
547 1045 724 1107 transeundi,
736 1045 792 1095 aiei
805 1045 964 1095 continerer

162 1130 205 1167 ea.
240 1116 276 1167 Et
308 1117 419 1167 uoniam
432 1117 497 1167 anni
510 1114 554 1165 tui
566 1127 621 1164 nun
631 1112 776 1174 deliciunt,
790 1111 855 1162 anni
864 1108 964 1161 tullia·

163 1182 275 1234 diernua
290 1131 359 1232 dies.
392 1184 430 1232 Et
444 1197 526 1247 quam
539 1180 621 1230 multi
632 1180 689 1230 iam
698 1178 760 1229 dier
779 1177 870 1227 nostri
879 1183 909 1227 et
917 1190 963 1243 pa·

105 1264 109 1267 ·
161 1256 234 1297 trum
252 1254 410 1297 neutrorum
428 1245 653 1311 perhodiernum
662 1251 740 1295 tunm
754 1243 926 1295 transierunt
937 1248 966 1293 et

162 1327 198 1363 ex
206 1312 256 1363 illc
267 1318 434 1377 acceperunt
442 1311 555 1371 modae,
566 1315 594 1360 et
603 1316 750 1375 utcumque
761 1309 928 1372 extiterunt,
938 1316 966 1359 et

162 1378 319 1429 transibunt
331 1375 420 1427 adhuc
431 1376 492 1438 alii,
503 1382 532 1426 et
541 1376 692 1440 accipient,
707 1380 737 1425 et
745 1380 894 1439 utcumque
906 1377 964 1428 axi·

111 1472 116 1478 ·
162 1444 248 1496 utenti
267 1444 311 1494 Tu
324 1445 418 1494 nartem
430 1443 503 1494 idem
518 1442 578 1509 ipae
589 1456 633 1505 οη
651 1448 680 1494 et
690 1440 783 1492 omnia
793 1442 919 1494 crastiua
926 1450 966 1494 at·

163 1527 215 1576 que
229 1511 316 1572 ultra,
332 1511 479 1576 omniaque
491 1508 628 1561 iresterna
642 1514 671 1560 et
683 1514 760 1559 retro
770 1506 855 1560 hodie
866 1507 967 1570 iacies,

163 1575 246 1632 hodie
265 1574 369 1630 iecisti.
406 1577 480 1638 Quid
499 1576 536 1627 ad
554 1589 598 1626 me
616 1575 643 1626 ai
677 1576 721 1626 uia
738 1575 966 1642 naaintelligatl

163 1645 291 1698 Gaudeat
299 1652 327 1698 et
336 1646 406 1712 ipae,
417 1645 526 1696 dicens:
537 1641 603 1708 quid
613 1647 658 1693 eat
687 1641 871 1693 ochaadeat
879 1643 966 1692 etiam

162 1714 215 1776 aic;
235 1720 263 1764 et
276 1721 349 1763 amet
362 1727 418 1764 non
432 1709 600 1762 inveniendo
614 1709 740 1760 iuvenire
752 1708 861 1775 petiae,
881 1723 966 1775 quam

161 1779 328 1831 invenienda
339 1794 394 1830 nun
403 1779 575 1830 invenire‘te.

213 1844 312 1896 (lvii.
347 1843 456 1896 Exaudi
465 1844 552 1895 Daue.
570 1840 918 1908 Vaepeceatialaminuml
929 1841 966 1892 Et

161 1909 245 1961 hema
260 1911 329 1962 dicit
339 1909 420 1970 haec,
435 1917 464 1960 et
473 1909 616 1959 misereris
627 1910 701 1970 eiua,
716 1909 886 1974 quoniamtu
895 1905 965 1958 feci·

162 1977 197 2027 ati
209 1991 283 2035 eum,
295 1982 323 2026 et
331 1980 476 2039 peccatum
486 1988 542 2023 non
551 1972 645 2023 fecisti
655 1974 683 2024 in
694 1988 738 2026 ea.
757 1974 826 2035 Quia
834 1988 879 2024 me
889 1989 954 2024 cara

160 2047 297 2092 memorat
310 2045 455 2106 peccatum
467 2037 602 2089 infantiae
616 2040 713 2091 menei
730 2040 868 2102 Quoniam
880 2054 964 2091 neura

160 2107 278 2158 anundus
297 2120 315 2154 a
331 2110 446 2171 peecata
466 2119 560 2156 curam
576 2111 619 2167 te,
637 2121 689 2157 nec
701 2107 807 2170 lufaus,
826 2107 904 2158 cuiue
919 2115 965 2157 eat

162 2174 243 2224 uniua
254 2171 310 2221 diei
322 2172 377 2222 vita
386 2186 470 2236 super
478 2178 590 2224 terram.
616 2171 686 2232 Quia
695 2187 740 2224 ine
750 2173 965 2224 commemorati

161 2240 202 2290 An
219 2237 339 2356 ἓιιὶὶίὶκὶ
356 2239 481 2292 tantillus
500 2254 572 2290 nunc
588 2239 734 2304 parvulae,
752 2241 781 2290 in
800 2254 854 2305 qua
868 2239 965 2301 videa,

249 2319 304 2356 non
314 2304 426 2356 memini
436 2305 470 2356 de
479 2303 542 2356 mei
561 2305 635 2366 Quid
644 2319 713 2373 ergo
722 2312 788 2356 tunc
796 2305 964 2372 peccabam!
1015 2338 1016 2353 i

180 2320 216 2357 uc

160 2319 872 2506 lmnrucurrui-acumine
889 2388 965 2495 ru
1015 2398 1016 2465 ³

161 2510 239 2560 annia
249 2508 319 2559 meis
332 2509 373 2558 ita
387 2505 509 2568 inhians,
524 2505 672 2556 deridebor
681 2511 764 2571 atque
773 2518 855 2570 repre
876 2505 965 2556 eadat·

159 2575 322 2628 luatiaaime.
342 2576 420 2626 Tunc
431 2587 498 2640 ergo
509 2570 738 2637 reprehendenda
746 2569 897 2633 faciebam
911 2571 964 2622 aed

161 2644 227 2711 quia
244 2640 493 2712 reprehendentem
510 2638 670 2705 intelligere
685 2652 744 2712 nen
753 2643 893 2704 poteram,
908 2651 964 2690 aea
