2050 2925
178 181 182 202 «
220 140 692 201 coursssrouuunrnnu
708 146 743 199 x.
808 134 878 200 'rsr

76 257 120 313 te,
140 249 165 300 si
178 262 286 301 memor
296 264 353 302 nen
367 264 427 301 sum
440 248 498 300 tuii
515 248 681 299 Perdiderat
693 248 766 300 enim
777 250 896 301 mulier‘

77 315 248 379 drachmum,
260 322 289 367 et
298 317 437 384 quaesivit
446 330 506 367 eam
517 330 578 366 eum
588 316 710 378 lucerna,
721 318 750 365 et
759 318 813 367 nisi
821 331 877 367 me·

75 398 139 437 mor
149 386 209 435 eius
220 389 310 446 esset,
321 399 377 435 non
386 383 526 434 inveniret
535 397 605 434 eum.
641 382 708 433 Cum
719 384 791 433 enim
801 389 878 434 esset
908 440 912 444 ,

76 455 203 512 inventu,
213 450 287 501 uude
297 451 391 511 sciret,
401 456 493 500 utrum
501 451 564 517 ipsa
573 454 657 511 esset,
668 451 692 499 si
702 462 807 499 memor
817 452 877 500 eius

74 532 133 570 nou
144 517 236 568 esseti
244 517 335 567 Multa
343 519 455 567 memini
466 531 510 567 me
520 516 630 581 perdita
640 517 783 583 quaesisse
793 522 876 583 etque
908 578 911 587 1

73 586 227 637 iuvenisse.
261 583 497 645 iudeistudseio,
527 586 645 635 niueum
674 583 876 634 uaereremuii·

76 652 144 720 quid
163 666 271 712 eorum,
291 656 320 702 et
332 650 473 701 diceretur
484 599 565 700 mad:
583 598 736 701 numffnrte
751 648 804 701 hee
818 650 878 711 esti

75 718 225 771 numierte
234 716 320 768 iuuet
336 719 450 769 tamdiu
460 716 598 769 dicebam:
616 732 672 767 nen
683 723 738 780 est,
749 716 877 775 doneeid

76 784 499 851 efferretur,qundquaerebam.
511 784 596 835 cuius
604 784 769 835 nisimernor
775 798 875 848 essem,

75 850 210 921 quidquid
218 852 287 902 illud
297 857 382 914 esset,
393 854 476 901 etium
485 851 511 901 si
520 849 588 903 mihi
598 847 756 914 efferretur,
769 866 824 903 non
834 853 875 903 in·

74 921 213 980 venirem,
252 920 298 974 nie
315 931 370 968 nen
384 930 576 984 agnoscerem.
610 917 647 967 Et
660 932 769 985 semper
780 919 821 970 itu
834 919 875 981 fit,

75 1003 137 1040 curn
148 934 253 1052 aliquid
263 984 401 1051 perditum
411 985 578 1049 quaerimus,
590 989 619 1034 et
627 984 791 1036 invenimus.
824 984 875 1036 Ve-

74 1069 135 1105 rum
147 1059 239 1103 temen
250 1052 275 1101 si
283 1051 359 1101 forte
368 1050 473 1117 aliquid
483 1050 519 1100 ab
530 1049 619 1101 oeulis
630 1050 714 1115 perit,
728 1064 784 1102 non
794 1066 811 1101 n
819 1066 874 1103 ure·

75 1122 175 1182 morie,
186 1119 272 1169 veluti
283 1131 384 1183 eorpus
395 1115 540 1181 quodlibet
549 1115 669 1179 visibile,
680 1122 791 1167 tenetur
800 1118 875 1173 intus

74 1190 168 1254 imago
182 1186 255 1244 eius,
270 1189 298 1234 et
311 1185 466 1251 quaeritur,
480 1182 570 1233 denec
579 1182 713 1233 reddetur
721 1183 873 1249 adspectui.

76 1253 158 1314 Quod
168 1267 230 1303 cum
239 1252 380 1302 inventum
389 1248 483 1312 fuerit,
490 1257 526 1299 eir
534 1249 655 1317 imagine
666 1264 736 1316 quae
746 1251 820 1312 intus
831 1258 876 1302 est

75 1320 300 1387 recognoscitur3
318 1331 371 1369 nee
379 1317 521 1368 invenisse
531 1332 583 1367 nos
594 1317 720 1380 dicimus,
729 1318 804 1385 qued
812 1332 873 1384 per-

72 1387 158 1448 ierat,
177 1388 267 1437 sinon
279 1385 468 1452 agnoscimus3
486 1398 539 1435 nee
552 1398 872 1452 agnoscerepnssumus,

72 1455 98 1506 si
108 1471 164 1506 non
174 1453 357 1505 meminimus.
388 1451 443 1505 Sed
453 1449 507 1503 hoe
517 1454 638 1517 perierat
648 1452 760 1525 quidem
769 1450 871 1516 oeulis3

72 1521 372 1573 memorintenebutur.

124 1589 155 1638 G.
168 1587 244 1637 xiii.
280 1587 353 1644 Quid
368 1601 430 1636 tum
442 1587 647 1652 ipsumemerin
656 1587 747 1654 perdit
758 1586 872 1652 aliquid,

71 1657 148 1706 sieut
157 1653 190 1702 iit
199 1667 261 1702 eum
271 1651 471 1714 obliviscimur,
483 1658 512 1702 et
522 1654 691 1719 quaerimus,
702 1659 734 1704 ut
742 1653 872 1703 recorde-

69 1719 150 1773 muri
165 1719 220 1770 Ubi
231 1717 344 1768 tandem
357 1719 529 1785 quaerimus,
543 1721 599 1769 nisi
611 1721 639 1770 in
652 1721 715 1786 ipss
726 1718 875 1770 memorie!

70 1789 108 1838 Et
126 1787 167 1837 ibi
184 1786 210 1836 si
226 1783 304 1838 uliud
315 1798 367 1851 pro
381 1785 439 1836 elio
451 1784 527 1836 ferte
541 1784 688 1848 offeretur,
708 1786 874 1852 respuimus,

71 1855 163 1906 donee
172 1853 242 1909 iliud
250 1858 390 1915 occurrat,
400 1853 477 1919 quod
486 1854 697 1920 quaerimus,et
706 1867 768 1904 eum
778 1867 873 1904 oeeur·
921 1871 924 1886 ·

69 1923 149 1982 rerit,
157 1920 284 1972 dicimus:
295 1917 403 1982 docent,
415 1919 553 1986 quodnun
559 1920 722 1982 diceremus,
729 1921 871 1988 nisiugnu-

69 1997 224 2051 ederemus,
247 1999 282 2038 ne
323 1997 551 2054 agnosceremus,
571 1987 626 2038 nisi
641 1988 891 2046 meminissemus,

70 2057 154 2106 Certe
173 2068 243 2122 erge
258 2053 339 2105 obiiti
351 2053 500 2104 fueramus.
535 2055 577 2104 Au'
589 2067 644 2105 nen
657 2060 747 2106 tetum
760 2055 869 2108 excide·

68 2122 129 2174 reti
146 2120 202 2173 Sed
215 2135 251 2172 ex
262 2127 355 2188 parte,
370 2135 427 2187 qus
436 2121 596 2184 tenebatur,
612 2135 676 2188 pars
690 2123 745 2174 eliu
755 2134 869 2192 quaere-

68 2189 164 2251 batur,
178 2190 243 2254 quia
255 2187 394 2238 sentiebat
405 2201 437 2238 se
446 2189 580 2238 memoriis
589 2203 644 2239 nnn
655 2189 737 2241 simul
746 2190 868 2251 volvere,

69 2254 395 2323 quodsimulselebet,et
405 2255 485 2320 quusi
494 2255 657 2308 detruncate
667 2257 868 2308 consuetudine

69 2321 242 2384 claudicans,
259 2321 339 2371 reddi
359 2321 546 2386 quodfdeernt
557 2321 711 2390 flegitubet3
729 2328 871 2388 tamquam

68 2390 93 2439 si
105 2387 189 2439 hemo
202 2393 286 2438 notus
299 2389 358 2438 eive
371 2388 559 2453 conspiciatur
573 2391 673 2450 oculis,
688 2392 747 2440 sive
762 2389 867 2452 cogite-

66 2463 124 2516 tur,
139 2461 168 2504 et
177 2468 277 2505 nemen
288 2455 348 2505 eius
359 2453 438 2504 obliti
449 2447 634 2521 requiramus,
648 2453 781 2532 quidquid
791 2452 867 2502 eliud

67 2523 235 2582 occurrerit,
242 2522 305 2572 'non
315 2522 503 2584 eonnectitur,
518 2524 582 2587 quie
591 2537 646 2574 nnn
657 2535 718 2570 eum
728 2519 779 2568 rlie
790 2521 866 2596 cogi·

65 2589 121 2639 tari
135 2589 292 2649 consuevit,
305 2586 426 2654 ideoque
440 2588 591 2654 respuitur,
605 2587 694 2637 donee
704 2584 773 2633 iliud
784 2584 865 2644 adsit,

67 2653 375 2708 ubisimuledsueieete
383 2655 484 2706 uetitis
492 2669 549 2706 nou
558 2650 744 2719 inaequaliter
754 2651 865 2718 adquie-
