2050 2925
80 176 89 181 -
145 138 198 197 rsa
287 191 291 197 ,
343 138 747 207 aununnroousrrur

144 243 276 297 eutalium
285 245 414 309 partium,
424 258 459 294 ue
468 243 586 311 populus
595 244 731 294 moeroris
740 240 835 293 taedio
846 246 944 295 eonta-

143 314 286 372 besceret‚
299 312 455 361 institutum
467 316 523 373 est3
542 316 570 359 et
583 324 618 361 ex
625 310 676 360 illo
686 312 716 360 tn
725 306 890 359 hodiernum
901 322 944 359 re·
1010 329 1011 411 1

143 383 260 439 tentum,
267 377 363 428 multis
370 379 425 427 iam
433 391 466 426 ae
473 390 561 441 paene
572 374 698 426 omuibus
708 376 840 441 gregibus
849 377 908 425 tuis
917 380 947 425 et
1010 412 1011 417 η

145 458 196 511 per
210 450 321 494 caetera
334 443 410 494 orbis
422 443 618 493 imitantibus.=
640 442 718 493 Tune
731 447 884 491 memorato
898 456 946 491 an·
1011 441 1012 505 i

145 511 229 561 tistiti
238 516 288 560 tuo
298 523 348 576 per
356 510 444 558 risum
454 510 598 573 aperuisti,
609 522 663 574 quo
672 507 737 559 loeo
746 506 867 557 laterent
875 520 947 557 mar·
1012 550 1013 559 ,

144 585 239 643 tyrum
252 589 371 641 corpora
379 574 502 625 Protasii
512 580 541 624 et
552 574 691 635 (servati,
707 586 777 639 quae
787 586 837 637 per
846 578 891 623 tot
900 586 948 623 an·
1012 584 1013 625 Τ

146 657 199 694 nos
213 644 375 707 incorrupta
387 642 416 689 iu
430 638 561 691 thesauro
575 642 678 691 secreti
688 641 729 689 tui
738 639 948 700 recondideras,
1013 662 1014 673 1

55 733 60 739 ·
83 743 87 747 -
146 709 221 758 unde
234 714 389 773 opportune
398 720 541 771 promeres
551 707 587 757 ad
597 705 780 757 coercendam
790 707 899 757 rabiem
907 704 949 756 fe·

148 776 277 834 missam,
287 774 338 823 sed
347 774 460 837 regiam.
488 773 556 822 Cum
566 774 639 823 enim
649 772 794 837 propalata
803 776 832 821 et
842 770 950 822 effossa
1014 778 1015 789 ¹

150 841 234 907 digno
254 853 317 889 cum
334 835 441 889 honore
459 837 677 889 transferrentur
690 838 726 887 ad
739 837 950 889 Ambrosianum
968 872 970 879 ,
1015 885 1016 891 ,

148 904 306 967 basilicam,
318 919 375 955 nou
388 904 479 954 solum
492 919 563 971 quos
576 904 709 955 immundi
721 905 859 954 vexabant
869 905 950 971 spiri·

148 980 194 1021 tus
205 970 343 1023 confessis
354 972 459 1022 eisdem
469 971 650 1023 daemonibus
659 970 839 1032 sanabantur,
853 984 950 1021 verum

150 1039 234 1089 etiam
251 1039 362 1105 quidam
379 1038 474 1107 piures
492 1052 579 1089 anuos
591 1051 691 1088 caseus
704 1038 772 1087 eiris
786 1035 950 1104 civitatique

149 1107 323 1172 notissimos,
331 1120 393 1156 eum
401 1105 498 1171 populi
504 1103 697 1155 tumultuantis
704 1103 821 1154 laetitae
836 1116 950 1153 caunas

151 1174 308 1237 quaesisset
317 1178 399 1237 atque
405 1172 540 1233 audisset,
546 1170 677 1231 exsilivit,
686 1183 775 1235 eoque
786 1182 816 1219 se
827 1174 858 1219 ut
868 1169 950 1221 duee·
1018 1222 1019 1227 ,

147 1244 202 1299 ret,
214 1237 528 1303 suumduoemrogarit.
559 1236 951 1301 Quooerductusimpetrarit

147 1303 269 1363 admitti,
289 1308 320 1352 ut
341 1303 453 1352 sudario
469 1307 599 1367 tangeret
615 1301 748 1353 feretrum
764 1304 908 1368 pretiosae
919 1305 950 1354 in

52 1432 55 1435 ὴ
86 1425 95 1433 ι
148 1372 304 1433 eonspeetu
317 1372 366 1417 tuo
375 1369 475 1417 mortis
484 1374 643 1420 sanctorum
652 1374 772 1420 tuorum.
808 1368 951 1429 Quodubi

148 1432 232 1496 feeit,
251 1438 334 1500 atque
352 1432 474 1486 admovit
490 1434 594 1498 oculis,
614 1432 761 1487 confestim
773 1438 864 1501 aperti
877 1443 950 1488 sunt.

151 1499 208 1568 [Gf.
223 1502 339 1566 August.
350 1500 385 1551 de
395 1503 471 1552 sivit.
481 1501 528 1553 dei
538 1503 580 1564 22,
590 1501 629 1568 8.]
665 1502 732 1553 lude
750 1501 826 1554 fama
843 1503 949 1554 disem-

149 1580 227 1629 rens,
240 1567 306 1616 iude
315 1566 412 1620 laudes
421 1573 486 1618 tuae
495 1566 636 1620 ferventer
645 1568 783 1632 lucentes,
797 1568 863 1620 inde
873 1569 950 1620 iliius

137 1634 278 1698 ,inimicae
295 1631 443 1701 [Iustinae]
458 1636 578 1698 animm,
592 1636 645 1686 etsi
655 1635 690 1686 sd
701 1635 838 1686 credendr
848 1636 950 1686 sanita·

10 1734 11 1737 ,
114 1750 118 1756 ,
150 1700 555 1767 ὶοπιιιοιιαιιιρίἰαιψρεηο
575 1700 949 1754 uenditanrenfuroreeom·

150 1771 326 1830 pressusest.
362 1765 472 1817 Gratias
482 1769 546 1830 tibi,
587 1782 732 1820 eusmeus.
767 1767 846 1819 Unde
856 1775 884 1820 et
894 1783 949 1834 quo

151 1830 258 1882 timisti
268 1833 492 1884 recordationem
504 1849 606 1896 meam,
619 1839 650 1884 ut
660 1833 729 1886 haee
740 1837 825 1886 etiarn
834 1835 950 1886 confite-

150 1909 198 1948 rer
206 1897 270 1961 tibi,
281 1912 352 1964 quae
362 1913 461 1966 magna
470 1900 573 1951 oblitus
583 1900 796 1967 praeterierant
812 1901 849 1950 Et
859 1907 951 1952 tamen

150 1969 231 2026 tuno,
245 1979 307 2015 cum
320 1966 361 2014 ita
373 1963 513 2032 fragraret
527 1967 598 2018 odor
611 1973 815 2034 unguentorum
828 1973 950 2029 tuorum,

151 2042 208 2080 non
228 2029 405 2080 currebamus
424 2037 489 2096 post
505 2037 551 2095 te3
568 2039 597 2084 et
608 2033 673 2084 ideo
687 2034 750 2100 pius
764 2033 864 2086 flebam
876 2035 952 2088 iuter

151 2097 260 2145 cantica
277 2093 441 2162 hymnorum
454 2103 581 2161 tuorum,
601 2100 667 2150 olim
680 2102 822 2167 suspirans
834 2100 902 2162 tibi,
922 2105 951 2152 et

149 2161 415 2229 tandemrespiraus,
440 2165 949 2232 uantumpatetaoraindomofoenea.

202 2227 231 2278 C.
247 2227 320 2280 Vlli.
356 2228 411 2289 out
422 2177 554 2282 {abitare
573 2231 643 2283 facis
657 2235 799 2285 unanimes
812 2234 842 2284 in
855 2234 950 2294 domo,

151 2294 322 2346 consociasti
345 2297 427 2347 nobis
449 2302 478 2348 et
496 2297 632 2350 Evodium
650 2301 777 2352 iuvenem
796 2314 831 2351 ex
850 2307 950 2350 nostro

149 2362 309 2427 municipio.
345 2362 401 2422 Qui
414 2379 476 2414 oum
484 2379 571 2430 agens
580 2367 610 2416 in
618 2365 702 2416 rebus
712 2367 859 2428 uolitaret,
872 2367 951 2431 prior

150 2427 231 2478 nobis
241 2427 277 2478 ad
285 2435 315 2479 te
325 2443 476 2480 conversus
484 2436 531 2480 est
541 2436 570 2481 et
578 2432 893 2498 baptizatus,etrelicta
901 2431 950 2482 nri·

149 2490 213 2542 litia
221 2495 357 2546 saeculari
368 2496 511 2546 udoinetus
521 2499 550 2547 in
559 2503 615 2548 tua.
635 2498 722 2550 Simul
731 2513 852 2562 eramus,
867 2497 951 2550 simul

150 2551 302 2614 habitaturi
319 2562 422 2629 placito
441 2567 564 2613 saucto-
583 2563 804 2627 Quaeremus,
842 2567 952 2616 uisuram

150 2621 229 2676 locus
247 2641 299 2680 nos
317 2627 413 2680 utilius
432 2626 548 2680 haberet
566 2633 720 2684 servientes
742 2631 803 2685 tibi.
863 2632 952 2686 ariter
