2050 2925
1 1667 8 1673 ,
104 1611 188 1678 Syro,
200 1613 283 1664 docto
294 1613 370 1680 prius
382 1611 507 1666 Graecae

105 102 166 155 so·
238 72 269 86 ”
299 74 719 157 ucauurr'nucusrrm'

75 198 81 207 ’
106 204 206 257 amicis
228 204 310 256 meis:
329 205 401 257 Num
417 222 540 259 amamus
556 207 669 274 aliquid.
676 208 731 258 nisi
745 203 922 271 pulchrum}

107 273 182 333 Quid
201 279 330 339 est-ergo
348 272 507 339 pulchrumi
525 282 554 325 et
572 275 638 342 quid
656 281 701 325 est
713 272 923 341 pulchritudo}

108 339 181 400 Quid
196 346 251 401 cst,
272 340 347 405 quod
360 356 412 391 nos
426 342 537 403 adlicit,
552 348 581 392 et
593 341 731 404 conciliat,
738 340 822 390 rebus
837 355 919 406 quas

107 406 244 461 amamus?
254 406 315 459 Nisi
326 408 398 457 enim
409 414 485 461 esset
493 410 523 459 in
532 410 574 459 eis
584 408 670 459 decus
681 414 710 459 et
718 406 838 473 species,
848 408 917 458 nusi-

104 472 135 527 lo
154 474 237 524 modo
258 490 309 525 nos
324 474 359 524 ad
373 490 403 525 se
417 482 584 527 moverentu
603 476 642 525 Et
653 474 915 526 animadvertebam

100 547 136 591 -et
153 541 281 591 videbam
299 541 352 591 ini
372 542 411 593 sis
426 543 591 609 corporibus
606 542 681 593 aliud
694 556 757 593 esse
771 542 854 606 quasi
865 547 914 592 to-

45 616 54 632 *
105 614 164 657 tum
175 614 204 657 et
212 607 276 658 ideo
287 556 444 674 pudofirum3
463 609 540 660 aliud
550 615 656 672 autem,
667 608 815 676 quod'ideo
825 608 914 658 dece·

104 681 163 737 ret,
174 674 303 740 quoniam
313 681 376 753 apte
387 676 647 728 adcommodaretur
656 676 749 737 alicui,
760 676 833 725 sicut
842 689 914 740 pars

105 742 234 806 corporis
248 740 284 791 ad
296 756 454 794 umucrsum
468 758 560 805 suum,
579 750 628 793 aut
640 744 860 793 calceamentum
872 742 916 791 ad

104 808 258 874 pedem,ot
267 808 377 859 similia.
413 810 450 859 Et
459 810 514 861 ista
524 810 713 869 consideratio
722 808 916 861 scamriritin

107 876 198 925 animo
208 887 271 927 meo
283 889 318 929 ex
327 876 425 927 intimo
436 878 521 927 corde
530 890 608 939 mc03
619 883 648 927 ct
656 877 757 942 scripsi
767 875 856 925 libros
868 875 915 925 de

104 938 246 1001 pulchro
269 950 301 995 et
320 948 411 1009 apto,
434 950 501 1008 puto
518 943 588 993 duos
608 949 658 993 aut
675 950 742 993 tres.
777 942 821 991 Tu
839 943 913 1003 scis,

103 1007 197 1071 Deus3
215 1026 279 1061 nam
291 1010 403 1064 excidit
420 1010 497 1062 mihi.
532 1009 596 1060 Non
614 1009 687 1061 enim
700 1008 833 1059 habemus
846 1022 914 1072 eos,

106 1078 157 1128 scd
172 1076 370 1131 aberraverunt
380 1092 396 1127 a
405 1078 501 1139 nobis,
516 1077 612 1127 nescio
624 1076 773 1143 quomodo.

159 1144 187 1193 G.
202 1144 275 1195 xiv.
312 1143 385 1206 Quid
396 1150 440 1195 est
449 1152 554 1206 autem,
565 1144 640 1210 quod
649 1159 694 1194 mc
702 1144 802 1205 morit,
811 1142 914 1193 Domi·

42 1240 43 1243 =
104 1224 140 1261 ne
155 1210 232 1261 Deus
246 1225 337 1272 meus,
353 1216 384 1260 ut
394 1211 429 1260 ad
438 1211 568 1261 Hie'rium
577 1212 717 1262 Romanae
727 1210 804 1261 urbis
814 1216 912 1260 orato-

103 1288 165 1327 rem
175 1277 325 1327 scriberem
334 1276 399 1327 ilios
409 1277 511 1339 libros,
526 1292 608 1343 quem
618 1287 674 1329 non
682 1292 815 1329 noveram
823 1275 912 1338 facim

106 1344 160 1393 sed
171 1357 325 1407 amaveram
335 1341 474 1395 hominem
485 1358 521 1395 ex
530 1345 673 1395 doctrinae
684 1344 770 1407 fama,
783 1358 854 1409 quae
864 1344 912 1394 ilii

109 1409 187 1461 clara
201 1410 276 1459 erati
293 1411 328 1461 Et
339 1410 473 1477 quaedam
483 1412 569 1462 verba
578 1412 638 1464 eius
649 1412 800 1474 audieram,
811 1418 840 1461 ct
848 1412 911 1476 pia-

105 1483 221 1528 cuercnt
231 1477 306 1530 mihi.
342 1477 398 1534 Sed
406 1480 509 1546 magis,
525 1480 726 1547 quiaplacehae
736 1480 813 1540 aliis,
828 1478 910 1530 etei·

68 1576 71 1580 -
104 1541 234 1602 ferebant
254 1559 316 1596 eum
333 1545 462 1598 laudibus
477 1553 523 1598 stu
542 1553 634 1609 entes,
654 1547 729 1614 quod
743 1561 779 1597 ex
795 1545 910 1597 homine

516 1563 673 1676 gscundiae,
683 1620 784 1680 postea
792 1614 822 1663 in
830 1612 910 1664 Lati-

102 1683 230 1731 naetiam
241 1681 331 1732 dictor
339 1681 474 1733 mirabilis
485 1682 649 1743 exstitisset,
656 1688 685 1733 et
694 1687 771 1732 esset
779 1681 910 1744 scientis·

104 1748 191 1800 cirinus
213 1763 305 1800 rorum
326 1749 361 1800 ad
384 1749 507 1801 studium
524 1749 678 1814 sapientiae
698 1747 909 1815 pertinentium,

103 1813 342 1883 niihi,placebat.·
363 1813 506 1868 Laudatur
524 1815 607 1867 homo
627 1822 656 1866 et
674 1821 782 1866 arnatur
793 1813 907 1865 absens.

103 1881 265 1934 Utrunmam
285 1883 318 1932 ab
338 1896 386 1932 ore
405 1883 545 1935 laudantis
562 1884 648 1934 intrat
659 1883 689 1951 in
702 1897 752 1934 cor
766 1880 909 1932 audientis

50 1957 51 1961 ’
104 1963 184 1999 amor
203 1949 269 1998 illei
290 1948 376 1998 Absit.
411 1949 467 2006 Sed
486 1963 522 2000 ex
539 1956 648 2001 amante
667 1949 724 2000 alio
744 1946 910 2013 accenditur

70 2029 77 2034 ’
103 2015 186 2067 alius.
204 2015 278 2065 Hinc
286 2015 359 2064 enim
368 2021 483 2078 amatur,
492 2017 538 2082 qui
547 2017 757 2079 laudatur,dum
766 2012 909 2067 nonfslla·

105 2083 133 2132 ci
146 2082 231 2133 corde
250 2080 403 2133 laudatoris
414 2083 571 2149 praedicari
585 2084 716 2143 creditur,
730 2083 827 2144 idest,
843 2095 910 2131 cum

10 2165 13 2172 ·
103 2163 199 2200 amans
215 2161 276 2198 eum
289 2147 393 2200 laudat.
429 2149 475 2212 Sic
486 2151 559 2203 enim
568 2157 634 2202 tunc
643 2151 769 2201 amabam
778 2147 910 2200 homines

105 2230 142 2266 eu
155 2214 300 2268 hominum
309 2215 426 2280 iudicio;
445 2231 501 2272 non
516 2219 588 2269 enim
603 2225 715 2279 extro,
729 2216 910 2278 Deusmsus,

65 2323 71 2340 ,
103 2283 197 2349 inquo
208 2297 288 2348 nemo
299 2281 413 2334 fallimr.
433 2282 489 2335 Sed
497 2291 591 2338 tamen
600 2299 650 2336 cur
659 2299 716 2336 non
725 2285 798 2336 sicut
806 2281 912 2348 auriga

82 2373 93 2414 ,-
104 2350 217 2414 nobilis,
226 2349 421 2402 sicutvenator.
430 2351 530 2402 studiis
539 2351 721 2418 popularibus
729 2348 909 2412 ,diffamatum

106 2416 157 2470 sed
169 2419 254 2484 longe
270 2417 352 2468 aliter
362 2423 389 2468 et
399 2419 535 2484 graviter,
551 2420 628 2470 etita
637 2417 866 2484 quomadmodum
878 2423 911 2468 et

104 2499 149 2534 me
160 2485 270 2536 laudari
282 2484 398 2536 vellemi
415 2483 478 2536 Non
492 2485 699 2549 autemxrellem
707 2486 748 2536 ita
759 2483 866 2534 laudari
878 2489 911 2534 ct

42 2593 54 2612 χ
105 2554 193 2605 amari
201 2568 245 2604 me
256 2561 286 2603 ut
296 2549 456 2614 histriones,
465 2567 630 2618 quamquam
639 2568 691 2604 eos
701 2552 799 2617 etipse
809 2549 909 2600 lauda-

103 2634 164 2672 rem
178 2627 206 2670 et
219 2634 353 2683 amarenr;
372 2619 422 2672 sed
437 2620 544 2688 eligens
559 2620 661 2683 latere,
677 2633 759 2686 quam
770 2619 813 2669 ita
820 2622 910 2672 notua
