2050 2925
154 76 171 129 a
346 33 519 130 sunnon
535 69 763 128 socosrnvr

154 176 227 227 enim
236 172 342 226 adtinet
353 176 389 227 ad
399 176 547 227 oblivionis
553 190 635 227 meae
645 174 842 239 tenebras,par
850 172 893 224 illi
905 178 960 235 est,

153 256 235 308 quam
248 242 306 292 vixi
318 240 350 292 in
361 244 457 293 matris
471 248 562 293 utero.
598 241 679 303 Quod
692 242 717 291 si
731 249 759 291 et
769 242 797 291 in
806 240 958 307 iniquitate

152 314 303 374 conceptus
317 322 378 359 suns
396 308 454 370 (rs,
469 308 511 371 51,
524 309 574 371 1.),
588 309 660 359 etin
675 307 798 374 peccatis
811 321 856 357 me
866 314 960 356 mater

151 388 214 425 mea
222 373 256 447 in
261 382 341 445 utero
352 374 435 437 aluit;
452 374 513 438 ubi,
528 390 579 425 oro
589 382 628 436 te,
638 373 714 425 Deus
724 388 815 436 meus,
828 371 958 434 ubi,1)o·
975 419 981 447 Ι

151 441 239 503 mine,
253 455 308 508 ego
323 455 419 491 servus
429 447 506 505 tuus,
521 441 627 494 ubiaut
653 440 745 491 nando
755 437 959 490 innocensiuii

153 507 210 561 sed
219 522 284 559 ecce
297 508 393 559 omitto
404 506 473 558 illud
487 506 606 573 tempus.
630 457 654 557 ἒ

152 589 187 627 eo
199 581 251 635 est,
261 576 339 625 cuius
349 573 427 624 nulla
435 575 508 625 vesti
531 573 677 625 'arecoloi

655 505 1008 573 tfflfflmm‘

195 640 308 692 ovili.
339 638 511 692 Nonneabin
525 638 959 707 antiahucpergensveniinpue·
1007 667 1008 674 κ

150 709 257 769 ritiam;
275 708 320 758 vel
334 707 428 771 potius
441 708 504 773 ipsa
516 708 546 757 in
558 721 602 757 me
616 708 705 771 venit,
721 714 750 757 et
764 705 902 758 successit
915 706 957 756 in·
1007 717 1008 772 ᾗ

151 772 272 825 fantiaei
289 772 556 837 Necdiscessitilla3
574 789 628 841 quo
640 774 713 825 enim
723 772 807 824 obiiti
825 779 958 823 ettamen
1007 779 1008 826 ἴ

151 841 207 892 inm
220 846 354 891 nouerat.
389 838 452 892 Non
460 842 534 892 enim
543 856 619 894 eram
627 839 735 902 inians,
767 840 860 891 uinon
868 836 957 901 farer,

151 905 203 959 secl
213 906 268 957 iam
277 921 346 973 puer
355 906 474 974 loquens
483 922 568 959 eram.
590 908 627 958 Et
635 907 748 959 memini
777 921 824 969 oc;
843 900 956 955 etunde

150 972 230 1039 loqui
248 973 394 1027 didicerim
411 980 477 1041 post
494 974 610 1027 adverti.
645 972 709 1025 Non
729 974 801 1024 enim
816 971 956 1022 docebant

151 1054 195 1093 me
217 1041 337 1093 maiores
358 1039 484 1093 homines
502 1042 668 1108 praebentes
686 1038 756 1091 mibi
772 1037 858 1089 verba
876 1044 955 1089 certo

151 1107 507 1175 aliquoordinedoctrinac
527 1108 691 1175 sicutpaulo
721 1113 766 1157 ost
775 1105 884 1156 literas:
904 1104 956 1155 sed

152 1188 206 1241 ego
216 1174 277 1239 ipse
287 1181 392 1236 mente,
406 1188 487 1239 quam
497 1145 600 1226 dedisti
610 1122 783 1235 minuimus
793 1185 880 1234 meus,
892 1186 955 1221 cum

151 1240 300 1307 gemitibus
324 1245 352 1289 et
374 1240 489 1289 vocibus
508 1241 608 1302 variis,
628 1246 660 1353 ep
670 1239 755 1289 variis
765 1237 955 1307 membrorum

149 1306 271 1357 motibus
287 1304 369 1355 edere
383 1304 483 1355 vellem
496 1319 579 1355 sensa
588 1318 638 1354 cor
657 1305 683 1354 is
693 1304 762 1364 inei,
775 1309 806 1353 ut
815 1303 955 1356 voluntati

150 1377 308 1439 pareretur,
330 1383 381 1421 nec
400 1370 523 1421 valerem
542 1385 612 1436 quae
633 1369 758 1419 volebam
779 1369 884 1433 omnia,
904 1386 953 1422 nec

151 1437 252 1555 poribus
272 1434 400 1489 volebam
420 1436 561 1501 omnibus,
584 1434 786 1517 praesonabam
808 1438 952 1489 memoria.

175 1521 219 1556 um
232 1504 287 1571 ipsi
298 1503 474 1571 appellabant
486 1519 546 1556 rem
560 1505 680 1571 aliquam
690 1509 718 1554 ct
729 1517 790 1554 cum
801 1504 954 1555 secundum

151 1587 212 1624 eam
225 1585 322 1623 vocem
337 1586 437 1638 corpus
448 1571 484 1636 ad
493 1571 599 1638 aliquid
607 1569 768 1633 movebant,
783 1569 914 1621 videbam
924 1579 952 1621 ct

148 1639 278 1692 tenebam
288 1638 341 1691 hoc
351 1639 385 1690 ab
397 1638 438 1692 oia
448 1639 544 1692 vocari
552 1654 612 1690 rem
619 1638 710 1700 illam,
721 1635 796 1703 quod
806 1637 951 1699 sonabant,

150 1721 213 1758 oum
234 1722 295 1760 eam
313 1707 418 1758 vellent
432 1706 590 1769 ostendere,
624 1706 688 1756 Hoc
698 1708 789 1755 autem
801 1719 854 1756 eos
868 1699 951 1763 veile,

151 1789 186 1826 ex
194 1781 270 1825 notu
280 1774 406 1839 corporis
416 1774 602 1842 aperiebatur,
614 1778 754 1839 tamquam
766 1769 859 1822 verbis
873 1775 951 1820 natu-

149 1841 256 1891 ralibus
277 1841 398 1890 omnium
418 1841 555 1906 gentium,
574 1854 645 1906 quae
665 1839 734 1889 bunt
753 1837 831 1890 vultu
845 1843 874 1886 et
883 1844 950 1886 nutu

150 1906 305 1967 oculorum,
320 1911 493 1956 caeterorum
513 1921 547 1956 ne
557 1905 742 1955 membrorum
755 1911 868 1966 actu,et
877 1905 951 1954 soni·

150 1977 181 2022 tu
204 1971 281 2021 vocis
306 1969 446 2020 indicante
466 1985 483 2020 a
505 1971 645 2020 ectionem
663 1971 749 2020 animi
766 1972 795 2021 in
832 1969 950 2030 etendis,

149 2036 300 2097 habendis,
313 2035 488 2097 reiiciendis,
500 2035 678 2102 fugiendisve
687 2037 779 2088 rebus.
827 2044 858 2087 ta
866 2036 950 2086 verba

148 2105 179 2155 in
190 2103 273 2152 variis
283 2101 428 2152 sententiis
439 2101 509 2152 locis
520 2103 578 2153 suis
589 2104 690 2169 posita,
698 2110 727 2154 et
737 2102 835 2154 crebro
846 2103 949 2164 audita,

150 2182 266 2235 quarum
283 2180 376 2217 rerum
394 2165 475 2234 signa
493 2176 600 2232 essent,
622 2170 755 2236 paulatim
775 2169 949 2247 colligebam,
1006 2226 1007 2245 χ

149 2248 281 2300 areasque
299 2234 355 2283 iam
372 2234 530 2287 voluntates
550 2235 672 2287 edomito
691 2238 721 2286 in
740 2236 781 2286 eis
798 2237 885 2302 signis
901 2250 948 2286 ore

149 2293 476 2367 per'haec‘enunciabarir.
508 2301 555 2354 Sic
565 2318 628 2362 curn
637 2302 776 2364 his‚inter
785 2316 854 2368 quos
866 2316 948 2364 eram,
1006 2328 1007 2333 =

150 2368 322 2419 voluntatum
342 2369 574 2421 enunciandarum
592 2371 673 2437 signa
688 2368 900 2430 communicavi,
920 2375 948 2418 et
1006 2364 1007 2415 l

149 2435 223 2486 vitae
234 2434 368 2487 humanae
379 2437 566 2501 procellosam
577 2437 740 2488 societatem
751 2434 833 2484 altius
843 2435 947 2502 ingrcs-
1006 2432 1007 2495 l

150 2519 197 2553 sus
211 2519 283 2566 sum,
300 2503 422 2569 pendens
433 2509 472 2556 'ex
481 2510 626 2572 parentum
635 2501 814 2562 auctoritate,
827 2508 946 2567 nutuque
1006 2522 1007 2569 p

148 2571 284 2624 maiorum
294 2569 443 2624 hominum.
493 2607 496 2613 ,
