2050 2925
215 62 756 175 conrassrouunmaaam.
851 110 885 161 41
961 83 964 91 “

83 212 173 267 solria
185 210 344 273 avinculis,
356 224 426 277 quae
438 210 519 260 nobis
528 208 659 272 fecimus,
669 211 695 260 si
703 211 759 261 iam
767 224 824 261 non
834 210 887 261 eri·

81 294 183 349 gamus
199 277 333 328 adversus
346 283 375 328 te
387 290 491 327 cornua
502 276 595 327 falsae
604 276 756 339 libertatis,
772 277 890 328 avaritia
959 305 962 310 ·

80 349 145 415 plus
166 344 302 407 habendi,
323 349 352 396 e't
370 343 469 393 damno
485 349 575 393 totum
593 343 752 405 amittendi,
771 344 888 410 amplius

82 412 204 465 amando
215 412 358 478 proprium
368 415 502 474 nostrum,
513 425 595 476 quam
605 417 633 461 te
644 410 767 461 omnium
777 410 889 464 bouum.
899 450 907 481 ,

133 480 164 529 C.
175 478 225 529 lli.
246 477 302 529 Sed
310 478 384 529 inter
393 476 499 542 flagitia
509 483 539 526 et
550 476 678 527 facinora
687 483 717 527 ct
725 483 780 527 tam
789 476 890 527 multas

79 546 248 612 iniquitates
260 550 323 597 sunt
337 549 451 609 peccata
464 544 683 609 proficientium,
702 558 773 610 quae
788 558 806 593 a
818 543 890 594 benc

80 611 272 666 iudicantibus
288 617 317 660 ct
331 611 523 675 vituperantur
537 624 573 661 ex
584 611 683 677 regula
696 609 889 677 perfeetionis,

81 686 111 732 et
121 679 274 730 laudantur
283 692 332 743 spe
342 676 441 743 frugis,
453 677 526 727 sieut
535 674 622 727 herba
631 678 746 743 segetis.
780 677 817 727 Et
825 682 891 728 sunt

82 746 222 814 quaedam
233 744 336 795 similia
344 743 390 794 vel
399 743 435 793 ila
458 744 507 794 'tio
517 744 563 794 vel
572 742 705 807 facinori,
720 750 750 795 ct
758 760 815 795 uon
825 754 890 794 sunt

80 817 213 882 peceata3
233 812 359 879 quianon
368 816 424 860 teo
449 811 566 872 endunt,
577 810 727 864 Dominum
736 811 826 863 Deum
840 825 888 862 no-

80 889 188 942 strum,
210 892 262 929 nec
281 877 386 929 sociale
411 879 596 948 consortium
622 892 685 931 cum
704 879 891 929 conciliantur

80 949 179 1013 aliqua
193 946 223 997 in
235 960 314 995 usum
328 944 403 994 vitae
418 956 543 1011 congrua
555 945 689 1009 tempori,
710 950 739 994 et
752 946 889 995 incertum

82 1022 128 1065 est
135 1012 292 1065 anlibidin'e
302 1010 437 1073 habendi;
448 1017 496 1060 aut
503 1010 654 1076 puniuntur
664 1011 823 1077 corrigendi
832 1006 905 1071 stu·-

82 1082 132 1133 dio
151 1083 295 1147 potestate
310 1077 452 1139 ordinata,
473 1084 502 1127 et
516 1077 653 1127 incertum
666 1083 710 1127 est
723 1092 758 1127 an
771 1078 889 1129 libidine

78 1146 214 1199 nocendi¹
248 1146 339 1196 Mrrlta
347 1146 443 1212 itaque
453 1142 530 1193 facta
539 1142 778 1209 qnaclrominibus
788 1144 890 1211 impro-

78 1214 178 1265 banda
187 1212 355 1273 viderentur,
367 1211 531 1261 testimonio
540 1218 589 1262 tuo
600 1210 755 1277 approbata
763 1220 839 1274 sunt3
859 1217 889 1263 ct

76 1281 172 1333 multa
177 1279 290 1330 laudata
295 1278 330 1329 ab
339 1278 496 1339 homiuibus
514 1284 543 1329 te
554 1284 626 1330 teste
638 1280 813 1331 damnantur:
825 1294 888 1329 curn

79 1362 169 1414 saepe
185 1362 215 1397 se
226 1346 308 1397 aliter
317 1344 402 1397 habet
411 1345 520 1410 species
530 1344 612 1413 faeti,
626 1352 655 1397 et
665 1346 747 1397 aliter
756 1346 887 1397 facientis

78 1415 191 1468 animus
205 1420 288 1480 atqm
300 1412 434 1466 articulus
446 1412 550 1472 occulti
561 1414 706 1480 temporis.
742 1414 810 1466 Cum
818 1427 887 1465 rero

79 1482 348 1550 aliquidturepente
357 1481 521 1532 inusitatum
529 1486 559 1531 et
567 1482 747 1546 improvisum
755 1481 886 1546 imperas,

79 1552 169 1603 etiam
179 1549 204 1601 si
213 1547 267 1600 hoc
277 1547 426 1614 aliquando
437 1548 565 1608 rettristi,
581 1548 705 1613 quamtis
717 1562 828 1612 canaam
838 1548 887 1596 im-

76 1617 155 1685 perii
173 1616 216 1666 tui
233 1630 282 1682 pro
302 1621 428 1680 tempore
448 1614 587 1677 occultes,
607 1620 637 1664 et
651 1613 775 1678 quamvis
790 1619 888 1663 contra
947 1616 950 1621 '

76 1691 195 1752 pactum
209 1683 246 1734 sit
259 1683 417 1750 aliquorum
430 1681 574 1732 hominum
589 1680 747 1742 societatis3
766 1679 828 1745 quis
839 1679 886 1730 du·
944 1727 953 1737 ,

76 1753 154 1803 bitet
173 1765 235 1800 csse
252 1749 425 1812 iaciendum,
444 1747 555 1815 quaudo
570 1762 605 1798 ea
619 1749 694 1798 iusta
709 1746 885 1797 estsoeietas

76 1818 233 1880 hominum,
243 1833 314 1884 quae
325 1817 412 1868 servit
420 1815 489 1869 ubit
507 1814 564 1866 Sed
571 1815 647 1866 beati
657 1814 704 1880 qni
714 1815 884 1880 te‘imperas·

75 1899 112 1936 ¹sa
121 1886 223 1936 sciunt.
257 1885 342 1938 Fiunt
352 1885 424 1935 enim
435 1883 529 1934 omnia
538 1898 555 1932 a
564 1881 750 1934 servientibus
759 1881 825 1943 tibi,
838 1882 884 1932 vel

76 1952 114 2004 ad
126 1949 313 2004 exhibendum
324 1951 399 2018 quod
409 1951 445 2004 ad
454 1963 588 2018 praesens
597 1965 667 2017 opru
677 1954 730 2012 est,
740 1947 786 2001 rel
795 1947 830 2001 ad
840 1947 881 2000 fu·

53 2062 56 2066 .
76 2029 144 2070 tura
157 2019 386 2084 praenuntianda.

130 2085 213 2138 0.,Χ.
248 2085 327 2136 Hace
347 2099 362 2136 e
385 2100 401 2136 o
424 2085 555 2136 nesciens
573 2084 725 2136 irridebam
738 2084 805 2145 illos
819 2098 881 2135 san·

76 2159 140 2204 etos
152 2166 248 2204 servos
259 2100 447 2218 et‘prspletas
462 2158 535 2204 tuos.
554 2153 591 2204 Et
600 2153 667 2219 quid
677 2151 807 2218 agebam,
821 2167 883 2202 eum

76 2219 231 2281 irridebam
245 2233 308 2282 eos,
322 2219 378 2270 nisi
387 2225 418 2270 nt
427 2219 561 2270 irriderer
570 2221 619 2271 abs
629 2226 671 2285 te,
685 2220 789 2270 sensim
799 2224 882 2285 atque
906 2248 914 2253 -

76 2286 213 2352 paulatim
226 2285 376 2352 perductus
387 2287 422 2337 ad
433 2301 480 2337 eas
490 2301 592 2353 nugas,
600 2286 638 2336 'ut
648 2285 790 2336 crederem
800 2285 882 2334 ticum

75 2353 189 2416 plorare
197 2367 258 2405 cum
268 2353 435 2419 decerpitur,
441 2360 469 2404 et
477 2360 592 2404 matrem
602 2354 662 2404 eius
669 2353 796 2402 arborem
801 2350 881 2400 lacri-

74 2421 129 2470 mis
151 2413 381 2480 lacteisi'Quam
393 2427 487 2472 tamen
503 2421 586 2471 licum
600 2421 625 2470 si
644 2419 814 2470 comedisset
831 2416 881 2464 ali·
939 2451 942 2454 .
991 2485 1002 2498 Α

77 2487 139 2552 quis
150 2492 273 2547 sanctus,
289 2488 380 2538 alieno
391 2501 457 2539 sane
467 2489 524 2538 noh
533 2501 584 2538 suo
594 2486 702 2537 scelere
712 2485 880 2546 decerptam,

76 2554 211 2604 misceret
219 2547 382 2616 visceribus,
391 2562 419 2606 et
429 2553 574 2604 anhelaret
583 2553 617 2604 de
626 2552 677 2601 illa
685 2548 810 2613 angelos,
823 2548 880 2596 imo

77 2635 145 2672 rcro
162 2619 316 2686 particulas
336 2621 390 2674 Dei
404 2620 541 2692 gemendo
556 2620 586 2670 in
599 2616 726 2668 oratione
740 2620 879 2678 atquem·
966 2616 970 2620 ’
