2050 2925
228 114 554 222 conressrouum
579 160 658 211 eru.
676 160 696 211 1.
740 118 743 123 ’
791 156 816 232 ᾖ
843 160 860 210 s

31 257 34 264 “
56 264 93 313 de
103 260 232 328 vigilans¹
266 261 331 317 Hoc
342 262 414 312 enim
425 262 458 312 de
468 276 511 312 me
521 259 590 311 milri
599 261 750 314 indicatum
760 268 817 322 est,
832 267 861 310 et

55 328 178 390 credidi,
192 328 323 393 qnoniam
336 328 377 378 sie
391 328 515 379 ridemus
525 328 636 378 etullos
645 326 777 390 infantem
795 342 859 377 uam

54 397 112 446 isto
124 408 188 445 mea
202 408 256 445 nen
270 395 391 459 memini.
426 395 463 446 Et
476 392 541 445 ecce
551 394 684 459 paulatim
695 393 858 455 sentiebam,

55 462 103 511 uhi
111 475 213 522 essem,
222 468 250 511 et
258 458 415 511 voluntates
425 476 501 511 nicar
511 460 639 511 volebam
650 459 859 520 ostendemus,

54 542 106 594 per
124 542 195 593 qnos
214 528 405 591 implerentur,
431 534 460 578 et
476 541 532 577 non
549 532 687 592 poteranr;
711 526 775 591 quin
793 526 859 575 illae

55 596 234 655 intorserant,
248 592 319 643 loris
329 599 420 643 eutem
429 594 485 655 illi,
499 606 551 643 nec
563 593 620 643 ullo
632 608 682 643 suo
693 604 778 642 sensu
786 591 860 641 vale-

54 660 125 710 bant
147 660 266 709 introire
287 660 316 709 in
336 660 454 710 animam
472 662 571 722 nicam.
605 658 701 726 ltaque
719 658 858 708 iactatam

55 726 181 777 membra
199 732 229 775 et
245 739 343 787 voces,
363 726 443 791 signe
461 725 563 776 similia
577 726 765 776 voluntatibus
779 726 860 785 meis,

9 826 11 829 -
55 807 146 858 pauca
157 806 228 857 quae
238 798 371 859 poteram,
381 792 473 857 qualia
482 797 621 857 poteran13
631 792 770 855 non-enim
781 797 861 841 erant

56 858 230 921 verisimilia.
265 858 376 907 Etcum
391 856 459 907 mihi
470 858 527 907 non
541 858 796 923 obtemperabatur,
814 858 861 907 vel

56 940 113 975 non
125 924 287 984 intellecto,
302 924 347 973 vel
360 938 395 975 ne
409 924 534 985 obesset,
549 923 715 991 indignabar
726 938 782 974 non
796 923 860 975 sub·
887 946 892 960 ⁴

57 992 125 1041 ditis
136 990 302 1051 minorihus,
317 996 346 1040 et
355 990 453 1057 liberis
461 1005 518 1040 non
528 990 722 1051 servientibus,
732 997 762 1039 et
769 1004 814 1039 me
825 989 860 1040 de

56 1058 114 1108 illis
131 1056 223 1107 flendo
239 1056 421 1107 vindicabam.
456 1056 541 1105 Tales
557 1070 619 1105 esso
632 1054 754 1106 infantes
765 1054 858 1114 didici,

57 1140 129 1191 quos
146 1122 254 1173 discere
268 1122 360 1188 potui,
376 1129 404 1172 et
417 1136 462 1171 me
477 1121 561 1171 talem
575 1121 664 1175 fuisse
673 1158 681 1184 ,
691 1122 780 1188 magis
791 1120 861 1171 milri

55 1191 111 1257 ipsi
124 1188 317 1240 indicaverunt
329 1189 500 1249 nescientes,
517 1201 597 1253 quam
612 1194 732 1238 serentes
744 1189 859 1239 nutrito·

55 1272 102 1307 res
117 1257 183 1305 mei.
217 1256 253 1305 Et
266 1268 346 1316 ecce,
362 1253 480 1304 infantia
492 1268 555 1304 mea
565 1254 817 1317 olimmortuaest,
833 1261 862 1304 et

56 1337 111 1389 ego
123 1322 198 1386 uiro:
214 1322 376 1377 'Taeutem
385 1320 518 1382 Domine,
528 1322 576 1388 qui
586 1328 614 1371 et
623 1322 821 1386 sempervirie‚
832 1329 862 1371 et

56 1388 129 1439 nihil
143 1388 261 1439 moritur
273 1387 302 1437 in
315 1394 358 1451 te3
377 1388 506 1454 qnoniam
518 1393 581 1437 ante
598 1386 751 1453 primordia
761 1402 860 1439 saecu·

55 1455 162 1518 lorum,
173 1460 202 1505 et
212 1461 274 1504 ente
286 1469 375 1518 omne,
387 1454 461 1522 quod
472 1454 589 1517 velante
600 1454 655 1506 dici
665 1461 768 1521 potest,
778 1464 859 1515 tues,

56 1530 85 1574 et
99 1521 177 1572 Deus
193 1535 236 1584 es,
255 1520 444 1588 Dominusque
460 1521 593 1582 omnium,
613 1537 684 1587 quae
697 1523 813 1572 creasti:
833 1527 862 1571 et
924 1545 927 1548 ·

56 1587 146 1654 apud
172 1595 206 1638 te
232 1601 342 1638 rerum
371 1589 513 1649 oninium
535 1587 748 1640 instabilium
771 1593 863 1636 stant

30 1715 35 1719 .
55 1669 193 1718 causam
212 1659 365 1706 etrerum
379 1653 860 1706 omniummutabiliumimmu-

55 1721 182 1772 tabiles
195 1729 327 1789 manent
340 1723 509 1792 originem
526 1727 559 1770 et
573 1721 713 1771 omnium
726 1720 857 1769 irratio-

56 1787 875 1857 nabiliumettemporaliumsempiterneerivunts

55 1855 220 1904 rationes.
255 1854 308 1906 Dic
324 1854 392 1905 mihi
409 1855 527 1922 supplici
544 1861 606 1916 tuo,
625 1853 715 1916 Deus,
740 1859 768 1902 et
780 1853 860 1902 mise·

56 1921 147 1971 ricors
159 1921 262 1972 misero
276 1928 341 1985 tuo,
357 1923 401 1972 die
414 1921 494 1984 mihi,
509 1928 600 1972 utrum
615 1921 670 1972 iam
680 1921 763 1970 alicui
774 1922 861 1970 aetati

56 2001 136 2038 meae
151 1993 278 2038 mortuae
293 1990 460 2040 successerit
474 1986 593 2039 infantia
605 1987 683 2038 meai
701 2002 735 2039 un
748 1988 860 2049 illucet,

57 2067 140 2118 quam
154 2054 201 2120 egi
213 2053 288 2104 iutra
299 2055 409 2105 viscere
422 2055 519 2105 matris
532 2055 630 2106 menei
645 2054 717 2105 Nam
731 2055 801 2105 etde
811 2055 861 2104 illo

56 2117 126 2169 milri
135 2119 262 2172 nonnihil
270 2121 422 2172 indicatum
432 2127 487 2184 est,
502 2128 531 2172 et
538 2127 723 2188 praegnantes
732 2122 794 2186 ipse
802 2121 867 2170 vidi

57 2185 186 2236 feminas.
223 2187 296 2246 Quid
306 2194 370 2238 ante
381 2187 451 2238 hene
461 2189 558 2250 etiarn,
569 2188 687 2239 dulcedo
697 2203 772 2249 mee,
782 2186 860 2238 Deus

58 2252 153 2303 mensi
175 2252 264 2303 Fuine
285 2253 400 2317 alicubi,
420 2261 468 2304 eut
486 2255 603 2321 aliquisi
622 2253 693 2305 Nam
712 2255 774 2320 quis
792 2253 859 2303 mihi
919 2248 927 2261 “

59 2318 861 2387 dicetista,nonhabeo,neopaterneumaterpotuerunt‚
908 2368 911 2381 Λ

59 2400 110 2448 nec
125 2385 245 2436 eliorum
261 2386 490 2452 experimentum,
504 2402 556 2438 nec
568 2388 703 2439 memoria
715 2388 787 2438 meai
819 2386 861 2436 An

58 2452 159 2502 irrides
170 2465 214 2502 me
224 2452 281 2508 ista
290 2458 480 2518 quaerentem,
489 2461 573 2520 teque
584 2456 618 2505 de
629 2452 691 2514 lroe,
702 2453 776 2520 quod
786 2451 860 2510 novi,

60 2518 168 2569 laudari
187 2533 204 2568 a
221 2531 265 2568 me
280 2519 372 2583 iubes,
393 2525 422 2570 et
434 2521 561 2570 confiteri
574 2535 618 2570 me
630 2519 698 2568 libii
719 2517 862 2566 Confiteor

59 2587 124 2647 tibi,
142 2585 268 2647 Domine*
278 2586 352 2635 coeli
365 2592 393 2636 et
405 2592 511 2647 terrae,
526 2587 637 2636 leudem
651 2584 745 2633 dicens
761 2581 812 2631 tibi
827 2581 860 2629 de

58 2651 221 2719 primordiis
236 2650 475 2719 etiniautiamea‚
489 2647 758 2720 quaenoumemiui3
777 2653 806 2696 et
815 2645 860 2694 do·
906 2649 910 2653 ’

497 2734 505 2765 Ι
