2050 2925
220 98 734 197 conrrssrouuumeanr.
846 146 878 197 ιι
944 138 950 147 ’

69 242 152 293 inte.
187 238 304 305 Vidisti,
318 241 452 306 Domine,
465 260 528 295 cum
541 243 633 295 adhuc
646 260 715 312 puer
730 258 834 306 essem,
851 250 880 297 et

71 306 197 375 quodam
223 307 268 359 die
294 323 393 376 pressu
418 310 557 385 stomachi
579 317 696 379 repente
720 315 879 363 aestuarem

69 388 162 441 paene
181 376 344 439 moriturum
362 376 468 440 vidisti,
487 378 565 429 Dens
578 393 670 440 meus,
687 378 817 443 quoniam
832 394 879 431 cu·

70 448 134 492 stos
149 456 227 493 meus
240 442 296 493 iam
311 456 385 494 eras:
422 459 458 495 uo
470 450 549 495 motu
560 445 646 495 animi
658 450 687 496 et
700 458 756 511 qua
768 444 824 495 dde
832 444 879 496 ba·

69 510 205 575 ptismum
220 507 326 560 christi
339 511 393 573 toi,
435 512 460 561 ei
477 518 508 561 et
521 510 635 564 Domini
642 513 713 574 mei,
727 509 880 577 flaglmn

70 576 179 643 pietate
192 576 289 627 matris
302 590 391 639 meae,
406 585 435 628 et
447 579 544 629 matris
558 579 681 629 omnium
693 583 820 631 nostrum
827 577 879 627 Ec·

72 641 180 693 clesiae
190 648 264 693 tuae.
294 643 330 693 Et
340 644 602 695 conturbatamater
611 645 703 696 carnis
712 658 802 708 meae,
812 657 880 709 qno·

71 710 149 759 niam
162 714 192 759 et
205 709 401 775 sempiternam
414 710 532 762 salutem
541 726 632 763 meam
641 712 733 762 carias
742 712 880 777 parturie-

72 774 123 827 bat
133 774 218 826 corde
230 782 307 827 casto
318 777 345 827 iu
357 776 411 828 tide
421 783 478 840 tua,
487 778 543 828 iam
554 784 665 837 curaret
674 776 891 839 festinabundru'

73 847 107 891 ut
119 844 301 893 sacramentis
317 843 629 896 salutaribusinitiarer
643 851 672 895 et
686 844 829 906 abluerer,
839 849 879 907 te,

73 906 194 961 Domine
208 910 285 972 lesu,
299 911 435 961 confitens
444 912 474 961 in
483 911 676 975 remissionom
690 918 879 985 peccatorum,

73 976 129 1026 nisi
144 976 239 1026 statim
251 978 395 1027 recreatus
406 991 505 1029 essem.
539 976 637 1030 Dilata
645 984 690 1028 est
697 978 793 1043 itaque
801 993 880 1029 mun·

74 1040 152 1092 datio
171 1056 247 1105 mea,
267 1044 346 1109 quasi
365 1058 481 1095 necesse
497 1050 588 1105 esset,
605 1051 638 1095 ut
650 1042 741 1095 adhuc
753 1044 880 1095 sordida·
966 1050 974 1061 “

72 1122 133 1171 rer,
153 1110 179 1160 si
196 1111 330 1173 virerem3
349 1110 415 1190 quia
432 1109 566 1160 videlicet
577 1116 644 1176 post
657 1110 797 1161 lavacrum
809 1108 881 1159 illud

71 1176 164 1225 maior
180 1182 208 1227 et
216 1178 402 1244 periculosior
416 1176 444 1227 in
463 1174 594 1227 sordibus
607 1176 773 1229 delictorum
785 1182 881 1227 reatus

71 1240 158 1293 foret.
180 1242 223 1293 itu
231 1245 286 1294 ianr
296 1242 457 1305 credebam,
468 1251 498 1294 et
505 1242 557 1293 iila
566 1250 596 1294 et
605 1244 695 1295 omnis
706 1243 814 1305 domus,
824 1242 880 1293 nisi

70 1311 258 1375 pateremus,
272 1312 320 1378 qui
329 1318 421 1363 tamen
431 1324 487 1361 non
497 1311 582 1361 evicit
590 1310 620 1361 in
628 1324 673 1361 me
683 1310 727 1361 ius
736 1317 880 1361 maternae

72 1375 201 1441 pietatis,
217 1391 271 1443 quo
285 1378 375 1429 minus
385 1378 413 1427 in
424 1376 565 1437 Christum
576 1378 733 1440 crederem,
748 1379 822 1428 sicut
831 1376 880 1427 ilia

73 1442 197 1494 nondum
211 1444 377 1496 crediderat.
411 1443 481 1497 Nam
493 1443 545 1496 iiia
558 1444 718 1513 sotagebat‚
733 1440 881 1495 uttumiiri

73 1516 156 1575 pater
170 1525 261 1573 esses,
275 1511 353 1563 Deus
367 1527 457 1574 meus,
470 1513 565 1579 potius
578 1511 731 1579 quamiilet
749 1512 816 1562 etin
826 1509 881 1560 hoc

75 1577 227 1628 adiurabas
242 1593 316 1642 eam,
336 1584 367 1629 ut
382 1586 526 1645 superaret
539 1579 638 1639 virum,
652 1579 698 1628 cui
710 1577 812 1641 melior
823 1591 881 1626 ser·

72 1643 180 1708 viebat3
191 1645 255 1712 quin
265 1648 330 1696 etin
340 1643 394 1696 hoo
405 1645 457 1696 tibi
467 1645 563 1710 utique
573 1644 603 1695 id
611 1643 721 1696 iubenti
730 1642 879 1694 serviebat

72 1710 154 1777 Rogo
166 1717 207 1776 te,
218 1711 295 1763 Deus
306 1725 393 1774 meus,
402 1711 505 1764 vellem
516 1711 598 1773 scire,
609 1711 633 1762 si
644 1719 674 1760 tu
684 1709 768 1759 etiam
777 1708 880 1760 veiiesr

72 1792 129 1844 qno
144 1779 262 1830 consilio
274 1779 375 1830 dilatus
386 1793 459 1841 sum,
474 1791 508 1829 ne
518 1775 770 1843 tuncbaptisarcrt
786 1781 879 1827 utram

70 1843 148 1894 bono
163 1861 226 1897 meo
241 1844 309 1896 mihi
323 1845 403 1912 quusi
416 1845 512 1897 laxata
526 1850 592 1896 sunt
604 1843 667 1896 lora
679 1843 827 1910 peccandi,
843 1857 878 1910 an

71 1925 128 1962 non
138 1912 231 1964 laxata
240 1912 319 1964 suntt
327 1913 406 1964 Unde
417 1927 485 1982 ergo
497 1913 582 1964 etiam
591 1927 665 1963 nunc
674 1911 709 1962 de
719 1910 784 1962 aliis
793 1917 877 1976 atque

72 1978 137 2028 aliis
155 1985 238 2030 sonet
257 1981 378 2046 undique
397 1981 427 2030 iu
446 1981 559 2030 auribus
578 1979 695 2037 nostris:
713 1978 775 2030 sine
788 1977 877 2040 ilioni,

71 2043 159 2096 iaciat
177 2046 252 2113 quod
270 2047 342 2109 vult,
361 2045 481 2098 nondum
502 2047 576 2099 enim
592 2046 752 2113 baptizatus
766 2044 827 2097 esti
843 2043 879 2095 m

71 2114 204 2164 tamenin
215 2113 305 2164 salute
316 2115 442 2180 corporis
452 2127 508 2166 non
518 2113 648 2165 dicimus:
667 2115 742 2176 sine,
750 2113 879 2165 vulnere·

71 2185 119 2230 tur
131 2180 263 2246 amplius,
278 2181 399 2232 nondum
408 2181 480 2232 enirn
491 2187 605 2232 sanatus
615 2186 668 2232 est.
687 2179 798 2241 Quanto
808 2193 878 2245 ergo

71 2246 173 2297 melius
181 2253 211 2298 et
219 2247 276 2300 cito
287 2260 411 2312 sanarer,
419 2254 448 2299 et
457 2247 486 2298 id
496 2254 628 2318 ageretur
636 2261 744 2298 mecum
752 2259 878 2298 meorum

71 2327 189 2379 meaque
200 2313 354 2382 diligentia,
361 2322 392 2366 ut
401 2321 515 2381 recepta
524 2314 601 2366 salus
611 2316 719 2365 animae
727 2327 807 2366 meae
815 2317 878 2365 tuta

71 2385 147 2432 esset
155 2381 245 2433 tutela
253 2390 302 2434 tua
307 2420 315 2446 ,
321 2383 374 2499 ³¹ss
384 2381 509 2434 dedisses
521 2383 594 2434 eam!
611 2381 714 2433 Melius
723 2395 801 2432 vero.
820 2377 876 2430 Sed

71 2455 139 2513 quot
157 2454 186 2500 et
205 2451 302 2516 quanti
342 2455 421 2500 nctus
436 2449 597 2515 impendere
613 2449 799 2500 tentationum
810 2449 878 2510 post

69 2516 219 2582 pueritiam
231 2515 406 2568 videbantur!
416 2515 541 2567 Noverat
552 2531 602 2568 eos
611 2517 668 2565 iam
676 2513 727 2563 ilia
735 2518 836 2574 mater,
847 2517 877 2561 et

70 2587 173 2635 terram
186 2596 238 2650 per
251 2597 315 2647 eos,
329 2583 401 2634 unde
415 2589 516 2650 postea
529 2581 679 2638 formarer,
692 2591 774 2643 quam
786 2578 876 2644 ipsam

69 2656 125 2704 ianr
139 2651 262 2719 effigiem
272 2651 445 2703 committere
456 2649 577 2701 volebat

1020 1371 1022 1442 ι
