2050 2925
175 122 501 178 CONFESSlONUM
517 122 742 177 Llaauxnr.
808 125 866 179 26⁴1,

55 230 128 280 eunt
138 225 347 293 praedicatores
359 228 438 277 vorbi
450 226 493 277 tui
504 238 541 276 ex
556 223 608 277 hac
621 226 717 277 vitain
727 226 858 289 nlinmyr-

52 303 127 346 tam:
147 293 283 360 scriptura
295 291 858 360 verutuuusqueinfincmsaeculisuper
901 335 904 351 ,
939 342 956 357 ,

58 360 181 427 populos
195 361 361 411 extenditur.
396 358 454 411 Sed
460 364 495 409 ct
509 358 620 427 coelum
633 365 661 409 et
670 365 747 409 terra
759 361 859 409 transi·

58 428 299 489 buntpsermoues
312 433 405 477 autem
413 426 455 476 tui
464 440 520 477 nou
529 426 686 477 transibunt
695 424 806 487 (Maur.
818 426 860 487 24,

58 494 129 557 35.);
149 495 280 560 quoniam
292 494 412 559 etpellis
423 492 584 559 plicabitur,
599 498 628 542 et
637 490 762 554 foenum,
776 506 861 557 super·

56 560 137 627 quod
142 560 353 622 extendebatur,
359 575 420 611 cum
431 560 559 611 claritate
568 574 620 611 rua
628 561 790 625 praeteriet:
801 562 861 609 ter·

58 628 128 679 bum
142 634 236 678 autem
246 635 325 707 tuum
336 633 430 707 manet
438 627 469 677 in
481 632 625 706 aeternum
635 626 701 688 (les.
711 626 755 687 ro,
765 624 790 676 6.
800 627 860 687 ss),
888 651 897 661 =

55 690 863 828 titt,liittrtltlittllilt,iutuitu
901 751 940 814 χ

54 828 103 880 vis
113 828 172 879 lilio
182 834 232 879 tuo
242 828 339 879 dilecti
348 830 445 891 simus,
455 828 572 879 rendum
581 825 716 892 adparuit,
729 827 801 893 pund
808 824 860 875 eri-

56 910 127 946 mus.
161 895 294 945 Adtendit
305 909 356 961 per
367 896 441 945 retia
453 896 557 953 caruis,
571 900 600 943 ct
609 892 749 944 blanditus
760 899 816 953 cst,
832 898 862 941 ct

54 960 253 1023 inflammarit,
268 967 298 1011 et
309 962 481 1013 cucurrimus
495 964 561 1025 post
575 960 691 1009 odorem
705 958 774 1008 cius.
796 957 863 1008 -Sed

56 1043 121 1085 cum
130 1027 297 1092 adparurrit,
310 1026 407 1077 mmder
418 1025 443 1076 ei
456 1024 566 1085 erimus,
582 1023 707 1089 quonium
717 1022 861 1074 ridebimur

55 1109 130 1154 eum,
139 1092 221 1143 suari
229 1099 268 1143 est
277 1095 305 1153 (l
314 1091 375 1143 loir.
385 1091 411 1153 3,
421 1094 471 1153 2.):
489 1090 574 1142 sicuti
584 1096 636 1152 est,
646 1089 775 1152 Domine,
786 1090 860 1141 ride-

52 1156 609 1224 renostrumquodnonduurestnobis.
856 1186 861 1190 -

110 1226 141 1276 C.
156 1224 230 1276 xvi.
265 1224 336 1276 Nam
348 1227 421 1276 sieut
432 1224 545 1275 omuino
558 1230 590 1275 tu
603 1239 646 1286 es,
661 1223 859 1284 tuscianum,

52 1294 106 1362 qui
115 1306 147 1343 es
156 1292 433 1355 incommutabiliter,
443 1297 473 1343 et
482 1291 538 1343 scis
547 1286 820 1352 incommutabiliter,
831 1296 861 1340 et
965 1344 966 1349 η

51 1363 99 1411 nis
118 1359 391 1411 incommutabiliter.
425 1359 462 1410 Et
480 1360 605 1425 essentia
621 1364 670 1410 tua
688 1356 741 1409 scit
760 1364 789 1407 et
800 1357 861 1408 'vult

52 1426 334 1490 incommutabilium
352 1433 382 1478 et
395 1426 515 1478 scientia
525 1431 575 1477 tua
588 1431 631 1477 est
644 1431 673 1476 et
684 1425 744 1478 vult
755 1426 859 1477 incom-

52 1492 242 1556 mutabiliter,
257 1501 286 1544 et
298 1493 427 1544 voluntas
436 1499 539 1544 tuaest
550 1492 860 1544 etscitincommutabi-
953 1520 956 1526 ·

52 1563 133 1613 liter.
167 1559 226 1612 Nec
235 1561 346 1611 videtur
354 1562 458 1611 iustum
470 1572 534 1610 esse
549 1573 643 1625 corum
656 1565 698 1621 te,
707 1564 751 1621 ut,
766 1573 859 1625 quem-

55 1625 208 1679 admodum
217 1641 249 1678 se
259 1627 314 1677 scit
332 1626 424 1679 lumen
442 1625 682 1687 incommutabile,
704 1626 860 1684 itascintur

55 1695 93 1747 ab
122 1693 279 1744 illuminato
303 1691 501 1744 commutabili.
535 1692 659 1759 Ideoque
682 1693 775 1742 anima
797 1705 859 1742 mea

53 1759 506 1826 tamquamterrasiueaquatibi3
525 1757 860 1838 quincicutseillumine·

53 1843 89 1879 re
105 1828 141 1879 do
154 1841 253 1878 senon
265 1833 372 1892 potest,
386 1829 427 1878 ita
438 1841 470 1877 se
483 1825 635 1882 satiarexdo
649 1839 680 1880 ue
690 1839 746 1876 uon
755 1830 858 1890 potest.

55 1895 107 1947 Sic
119 1895 194 1944 anim
205 1894 279 1960 apud
292 1899 321 1944 tc
335 1893 399 1945 fons
407 1894 493 1956 vitae,
506 1893 648 1961 quomodo
658 1892 686 1944 iu
696 1891 799 1944 lumine
809 1898 858 1942 tuo
899 1913 906 1918 .

53 1960 212 2014 videbimus
223 1961 323 2012 lumen.
334 1961 394 2022 (Ps.
405 1960 447 2023 36,
458 1963 512 2024 lo.)

109 2026 239 2078 uxvfl.
274 2027 344 2088 Quis
366 2027 544 2096 congregarit
564 2025 747 2078 amaricantes
765 2026 800 2076 iu
813 2041 859 2078 ro·
899 2087 901 2094 Α

54 2096 189 2148 rietatem
200 2095 298 2144 unaml
315 2095 405 2155 (idem
416 2109 535 2162 numque
548 2094 605 2146 illis
619 2095 681 2146 linis
695 2099 739 2144 est
752 2098 858 2161 tempo·

52 2161 126 2218 ralis
148 2166 180 2212 et
195 2167 325 2212 terrenae
343 2160 500 2224 felicitatis,
519 2167 634 2229 propter
652 2177 734 2229 quam
751 2159 859 2211 faciunt

6 2249 10 2260 ·
54 2229 163 2289 omnim
181 2228 305 2295 quamvis
318 2226 514 2280 innumerabili
526 2229 661 2280 varietate
672 2241 799 2279 curarum
808 2225 869 2286 flu·-

54 2297 176 2356 ctuent.)
211 2294 294 2357 Quis,
308 2294 441 2357 Domine,
452 2296 508 2347 uisi
518 2301 562 2358 tu,
576 2298 623 2363 qui
633 2295 741 2356 dixisti,
751 2301 783 2344 ut
792 2307 857 2343 oon·

54 2366 337 2429 gregarenturcquae
346 2362 374 2411 in
384 2376 489 2428 congre
526 2363 631 2414 tionem
640 2361 858 2424 anamotadpo·

54 2435 133 2479 reret
159 2426 237 2478 arida
265 2428 364 2479 sitiens
391 2428 486 2490 ubit(
515 2444 558 2480 ou.
574 2431 598 2492 l,
614 2428 699 2491 Qus.)
720 2426 858 2487 Quoniam
941 2417 951 2477 Ῐ

55 2504 135 2546 tunm
148 2500 192 2546 est
204 2508 292 2556 mure,
306 2500 335 2546 et
346 2500 378 2546 tu
390 2493 485 2546 iecisti
496 2495 579 2557 illud,
594 2502 623 2547 ct
636 2494 742 2546 aridam
754 2499 858 2543 terrum

55 2577 155 2613 manus
173 2569 238 2612 tuuc
256 2559 453 2623 formaverunt
473 2561 633 2624 (Prona.)
667 2559 764 2626 Neque
774 2561 857 2610 eninr

55 2628 214 2680 amaritudo
224 2628 409 2691 voluntatum,
422 2629 473 2680 sed
482 2628 660 2696 congregatio
671 2633 802 2693 aquarum
812 2643 856 2680 co·
