2050 2925
141 138 176 190 ts
335 130 753 188 senatusconsulti

141 253 204 290 eras
214 244 246 289 tu
255 236 341 287 solus.
361 237 429 287 Corn
440 238 513 287 enim
523 234 766 287 duceretmvelad
776 232 949 299 custodiam,

140 305 189 357 vel
197 304 232 355 ad
241 304 416 370 supplicium,
428 304 459 354 lit
469 304 510 354 eis
522 302 631 354 obviam
642 303 754 369 quidam
763 300 949 367 architectus,

142 369 853 436 cuiusmaximaeratcurapublicarumfabricarum.
873 370 949 421 Gau·

143 438 272 501 (lentilli,
284 451 346 489 eum
355 437 531 503 potissimum
542 438 712 500 occurrisse,
723 438 769 489 cui
778 436 912 488 solebant
920 438 951 489 in

141 522 189 557 sus
209 506 330 556 icionem
337 504 433 554 venire
443 503 598 555 ablatarum
607 518 712 566 rerum,
724 518 794 571 quae
805 504 953 569 perissent

141 573 177 624 de
190 521 268 634 Poro,
283 579 315 622 ut
327 571 407 638 quasi
418 569 533 621 tandem
541 570 590 621 ille
602 576 802 639 cognosceret,
818 571 950 637 aquibus

141 638 330 703 haecfierent.
360 635 464 700 Verum
474 644 568 688 autern
577 637 685 689 viderat
695 635 779 689 homo
790 652 875 704 saepe
883 638 950 705 Aly-

140 708 217 775 pinni
229 706 259 756 in
273 706 356 756 domo
370 703 513 756 cniusdam
524 705 677 765 senatoris,
689 704 723 754 ad
735 719 816 772 quern
825 704 951 756 salutan-

142 774 206 824 dum
214 771 378 823 ventitabat:
389 771 538 836 statimque
549 770 691 837 cognitum
700 786 784 823 manu
794 768 951 837 adpreheu-
1017 806 1018 825 ι

142 854 174 892 sa
190 838 309 891 semovit
323 852 341 889 a
351 836 456 900 turbis,
472 843 502 888 et
515 838 585 889 tanti
598 837 665 887 mali
675 852 787 889 causam
799 852 951 903 quaerens,
1017 840 1018 843 ’

142 906 209 974 quid
219 911 329 973 gestum
338 910 423 966 esset,
434 904 555 968 audirit3
574 918 726 970 omnesque
737 904 951 967 tumultuantes,

142 974 190 1041 qui
205 973 334 1034 aderant,
350 977 379 1023 et
387 972 535 1022 minaciter
544 971 696 1022 frementes
705 971 790 1023 iussit
798 971 897 1023 venire
907 986 950 1025 se·

142 1056 213 1092 cunr.
242 1039 279 1090 Et
287 1044 424 1091 venerunt
433 1038 468 1088 ad
479 1039 591 1090 domum
601 1037 678 1089 illius
689 1036 890 1101 adolescentis,
902 1040 952 1105 qui

142 1122 202 1160 rens
212 1108 399 1160 commiserat.
422 1104 497 1156 Puer
505 1119 573 1156 vero
585 1110 646 1155 erat
656 1109 720 1155 ante
729 1106 841 1168 ostium,
854 1110 953 1157 ettam
1018 1109 1019 1147 ἶ

161 1191 243 1226 ιιιιιιι
253 1179 322 1235 erat,
329 1171 437 1223 utnihil
446 1172 547 1223 exinde
558 1171 670 1221 domino
681 1185 732 1223 suo
743 1176 871 1223 metuens
881 1170 951 1223 iaci·

141 1190 169 1293 ie
189 1246 286 1308 posset
298 1245 388 1289 toturn
408 1238 543 1289 indicare.
579 1238 648 1289 Cum
666 1252 700 1289 eo
719 1239 820 1305 quippe
834 1238 865 1289 in
883 1238 951 1291 foro

141 1308 196 1358 luit
208 1307 402 1373 pedissequus.
438 1304 528 1364 (luem
542 1311 643 1370 postea
657 1320 738 1371 quam
752 1304 876 1357 recoluit
884 1307 949 1373 nly.

142 1375 219 1442 pius,
234 1370 389 1423 architecto
403 1371 551 1423 intimavit.
586 1372 621 1422 rit
635 1372 684 1422 ille
698 1370 819 1423 securim
835 1373 949 1425 demon·

141 1440 352 1507 stravitpuero,
363 1451 500 1505 quaerens
511 1438 547 1489 ab
557 1451 591 1490 eo
599 1439 686 1501 ,cuius
698 1445 782 1492 esset.
818 1440 875 1501 Qui
884 1456 950 1492 con·

141 1507 252 1560 restim:
269 1513 380 1569 nostra,
394 1507 494 1573 inquit.
512 1505 622 1557 Deinde
636 1507 828 1575 interrogatus
838 1509 951 1574 aperuit

143 1582 265 1628 caetera.
294 1573 467 1626 Sicinillam
477 1573 590 1624 domurn
599 1574 736 1625 translata
745 1589 837 1636 causa,
850 1573 948 1626 conlu-

142 1645 239 1711 sisque
248 1642 423 1708 tsrrbis‚quae
434 1641 468 1696 de
478 1641 529 1690 illo
539 1638 710 1706 triumphare
720 1641 775 1692 ianr
786 1648 948 1708 coeperant,

141 1709 252 1762 iuturus
263 1710 440 1776 dispensator
449 1707 527 1758 verbi
537 1707 587 1769 tui,
594 1712 622 1757 et
631 1707 778 1758 multarum
788 1709 817 1760 in
825 1709 949 1761 ecclesia

48 1817 50 1821 .
141 1784 192 1829 tua
205 1791 351 1829 cansarum
365 1776 553 1838 examinator,
569 1774 760 1842 experientior
771 1775 948 1828 instructior·

143 1859 196 1910 que
207 1843 348 1895 discessit.

194 1912 224 1962 G.
239 1910 274 1961 lc
309 1910 392 1962 Hunc
403 1923 471 1979 ergo
481 1909 588 1964 Rornm
597 1912 766 1973 inveneram,
777 1913 806 1962 et
816 1907 947 1962 adhaesit

141 1974 209 2028 mihi
218 1976 374 2028 fortissimo
384 1978 505 2040 vinculo,
515 1978 872 2044 mecumquelllediolsnnm
902 1993 946 2028 ro·

142 2043 234 2095 fectus
245 2041 301 2106 est,
311 2050 345 2094 ut
353 2045 405 2094 n‘ec
415 2059 460 2095 me
472 2045 625 2108 desereret,
636 2051 664 2096 et
675 2045 709 2096 de
719 2047 779 2096 iure
791 2045 865 2114 quod
897 2044 946 2096 'di-

142 2117 221 2162 cerat
233 2110 340 2177 aliquid
354 2117 465 2177 ageret,
481 2112 631 2164 secundum
643 2118 739 2163 votum
747 2112 838 2178 magis
847 2109 946 2177 paren·

141 2183 201 2226 tum
223 2191 304 2244 quarn
327 2192 416 2229 suurn.
452 2179 553 2230 Et‘ter
574 2179 630 2229 iarn
653 2179 802 2230 adsederat
823 2177 946 2230 mirabili

142 2243 315 2294 continentia
329 2245 463 2309 caeteris,
479 2261 540 2297 cum
555 2245 604 2297 ille
619 2246 709 2313 magis
722 2245 872 2296 miraretur
885 2258 945 2306 eos,

141 2309 191 2389 spui
210 2322 306 2362 aurum
324 2312 502 2364 innocentiae
516 2317 729 2380 praeponerent.
765 2313 888 2363 Tentata
903 2317 946 2362 est

142 2392 253 2445 quoque
263 2378 324 2430 eius
334 2379 453 2441 indoles,
463 2395 519 2430 non
529 2380 619 2432 solum
629 2379 764 2430 illecebra
775 2377 946 2494 cuptiditatis,

142 2444 193 2495 sed
205 2446 288 2496 etiarn
299 2447 412 2498 stimulo
422 2447 541 2498 timoris.
569 2447 673 2498 Romae
685 2444 819 2497 adsideba
842 2444 947 2496 Comiti

73 2532 75 2539 v
143 2510 324 2578 largitionum
334 2513 550 2566 italicianarum.
572 2511 641 2564 Erat
651 2527 685 2563 eo
696 2520 822 2577 tempore
833 2511 946 2577 quidam

142 2580 354 2641 potentissimus
369 2584 496 2640 senator,
516 2579 594 2630 cuius
610 2585 639 2629 et
652 2579 797 2630 beneficiis
814 2577 946 2628 obstricti

144 2643 225 2694 snrslti
248 2651 277 2698 et
298 2646 401 2697 terrori
420 2645 526 2697 subditi
545 2651 633 2698 erant.
668 2645 766 2697 Voluit
783 2643 837 2694 sibi
856 2643 963 2712 lisere,
