2050 2925
196 159 519 254 coNFlissloNtJM
536 114 763 217 hinnierint.
827 165 877 217 ²85

81 279 145 315 uum
158 269 212 327 est,
224 280 281 316 uou
293 265 359 331 ipsi,
374 264 424 315 sed
435 262 513 315 Deus
526 256 614 328 ri'det',
630 266 696 331 quia
707 264 810 317 bonum
825 273 877 317 est.
929 294 932 297 ·

80 331 161 382 Aliud
175 345 243 398 ergo
257 337 314 394 est,
332 337 364 382 ut
376 336 456 397 putet
468 333 584 447 penisque
598 332 701 410 maluur
714 346 790 395 esse,
804 331 879 397 quod
965 358 966 363 =

80 398 181 449 bouum
197 404 252 461 est,
267 398 362 464 quales
374 401 459 463 supra
489 403 540 449 retr
549 404 620 449 sunt
655 398 749 460 rilrud,
763 405 793 449 ut
803 398 879 464 quod

81 464 183 515 bouum
193 471 248 527 est,
258 465 351 515 rideat
360 462 457 527 homo,
468 465 534 530 quia
542 463 644 515 bouum
656 470 710 527 est3
729 466 802 516 sieut
810 466 879 515 mul·
935 490 937 493 ·

81 531 117 583 tis
132 537 181 587 tua
194 537 322 594 creatura
330 531 435 596 placet,
448 533 514 598 qula
523 531 598 581 bona
608 537 663 593 est,
678 530 777 597 quibus
787 537 880 581 tameo
945 564 952 569 -

81 605 137 647 nou
145 603 177 649 tu
185 598 280 665 places
290 598 319 647 iu
329 612 375 660 ea,
384 597 457 649 uude
467 597 523 649 frui
533 598 621 664 magis
631 597 693 663 ipsa
721 610 784 649 uam
793 603 821 649 te
831 612 879 647 ro·
927 651 930 655 ,

81 664 148 715 lunt.
182 664 264 715 Aliud
274 669 375 726 auteur,
387 670 426 726 ut,
436 680 498 716 cum
508 660 615 732 aliquid
625 663 701 715 ridet
730 676 802 727 omo,
814 666 881 731 quia

81 730 183 782 bonum
196 738 253 793 est,
263 729 340 781 Deus
354 734 383 781 in
396 730 446 781 illo
460 731 566 793 videat,
584 726 649 797 quia
660 730 764 781 bonum
777 739 835 793 est,
848 738 880 781 ut

82 796 191 848 scilicet
199 798 248 848 ille
259 803 368 847 ametur
375 798 404 847 is
420 813 464 860 eo,
473 800 549 865 quod
558 798 640 860 fecit,
651 799 697 864 qui
707 812 763 849 non
773 810 879 849 amare·

81 871 135 925 tur,
145 864 200 915 nisi
210 878 259 929 per
269 862 402 930 Spiritruu
412 874 546 925 sanctum,
558 878 638 930 quero
649 864 737 927 dedit3
748 867 880 930 quoniam

80 930 182 980 caritas
195 930 250 981 Dei
264 929 367 982 diffusa
377 932 458 982 estin
471 930 603 981 cordibus
620 930 724 981 neruis
734 944 783 995 per
793 930 879 996 Spiri-
912 970 915 975 ,

78 1001 137 1047 tum
147 1003 281 1059 sanctum,
289 998 337 1063 qui
346 997 427 1047 datu
438 1003 482 1048 est
490 994 582 1057 uobis,
590 1010 641 1062 per
650 1009 732 1111 puero
743 996 877 1059 ridemus,
901 1033 906 1043 .
933 1054 936 1057 ¹

80 1063 145 1128 quia
165 1064 269 1113 bouum
282 1068 337 1123 est,
348 1061 483 1128 quidquid
493 1061 589 1127 aliquo
603 1075 648 1111 mo
669 1066 749 1113 oest.
771 1062 811 1113 llb
826 1062 876 1113 illo

80 1128 152 1178 cuim
163 1134 219 1187 est,
230 1128 278 1192 qui
288 1143 344 1179 nou
355 1128 449 1193 aliquo
459 1128 543 1179 modo
556 1133 607 1189 est,
617 1127 669 1178 sed
697 1127 753 1178 uod
764 1134 815 1190 est,
826 1136 878 1178 est.
955 1134 965 1149 ¹

129 1193 159 1243 C.
173 1192 288 1243 xxxss.
323 1193 435 1253 Gratias
445 1194 645 1256 tittnooiioe.
697 1194 892 1246 idemuscoe.

78 1259 134 1309 lum
148 1266 177 1309 et
189 1265 303 1322 terram,
322 1260 381 1310 sire
395 1260 570 1327 corporalem
583 1266 688 1328 partem
707 1262 879 1327 superiorem

23 1350 34 1357 u
78 1334 161 1393 atque
185 1325 361 1387 inferiorem,
389 1330 448 1379 sire
470 1328 625 1395 spiritalem
647 1328 887 1395 corporalemque

78 1399 244 1457 creaturam
262 1399 347 1461 atque
358 1394 388 1445 iu
402 1402 501 1446 ornatu
513 1394 610 1445 harum
624 1396 756 1461 partium,
779 1395 879 1461 quibus

78 1466 189 1512 constat
194 1459 239 1511 rel
247 1461 377 1511 universa
385 1461 480 1513 muudi
490 1461 590 1524 moles,
598 1462 643 1513 vel
652 1460 782 1514 universa
793 1462 878 1512 omni·

77 1541 115 1577 uo
136 1532 276 1586 creatura,
294 1526 419 1576 videmus
439 1527 531 1577 lucem
549 1527 653 1577 factam
672 1526 843 1594 divisamque
862 1541 879 1580 a

78 1592 212 1643 tenebris.
248 1590 380 1642 Videmus
400 1592 602 1644 firmamentum
621 1592 706 1655 coeli,
729 1594 787 1644 sive
805 1597 882 1645 iuter¹
926 1631 931 1640 ,

78 1658 219 1726 spiritales
238 1671 324 1723 aquas
337 1657 498 1722 superiores
511 1665 540 1709 et
554 1659 715 1724 corporales
727 1658 879 1712 inferiores

76 1726 239 1792 primarium
251 1738 352 1790 eorpus
364 1725 459 1776 muudi
469 1723 521 1791 [cf.
531 1727 599 1792 Aug.
611 1721 823 1792 ret1·‘act.2,d.];
842 1726 879 1776 si·

76 1806 111 1842 re
131 1789 185 1842 hoc
204 1791 322 1857 spatium
336 1793 421 1852 aeris,
440 1793 506 1856 quia
519 1799 548 1842 et
562 1791 616 1842 hoc
628 1799 745 1843 vocatur
759 1793 878 1854 eoelum,

76 1873 127 1924 per
140 1858 216 1924 quod
228 1864 364 1925 vagantur
376 1857 503 1909 volatilia
513 1859 599 1921 coeli,
611 1860 685 1911 iuter
695 1873 792 1924 aquas,
807 1873 878 1926 quae

76 1925 246 1990 vaporaliter
255 1926 298 1975 eis
307 1923 569 1992 superferuntur,pet
579 1925 685 1978 serenis
696 1927 779 1976 etiam
789 1927 876 1977 nocti·

76 1991 129 2041 bu's
146 1997 255 2053 rorant,
275 1996 304 2041 et
321 1989 384 2052 has,
403 2005 474 2057 quae
492 1993 522 2042 iu
540 1993 624 2042 terris
642 2005 741 2058 graves
756 1991 875 2045 fluitant.

76 2057 210 2109 Videmus
225 2063 457 2124 congregatarum
469 2073 602 2125 aquarum
615 2075 628 2108 s
650 2061 736 2109 eciem
746 2073 796 2126 per
806 2073 879 2110 caus·

77 2137 130 2189 pos
143 2124 239 2186 uraris3
258 2129 287 2174 st
299 2124 618 2179 aridsmterraruvslnu
638 2124 876 2176 ataruvelformar

77 2197 147 2252 taor,
157 2195 189 2240 ut
199 2195 275 2242 esset
283 2191 403 2259 risibilis
411 2197 442 2242 et
450 2192 614 2258 composita,
626 2189 827 2258 herbarumque
837 2197 879 2240 at·
930 2205 938 2210 ·

78 2269 133 2322 quo
142 2255 273 2306 arborum
281 2259 434 2308 stateriour.
468 2257 877 2324 Videmuslumiuariafulgere

79 2323 209 2387 desuper,
220 2323 309 2373 solem
317 2325 444 2374 sufficere
455 2324 521 2386 diei,
531 2326 624 2376 lunam
633 2331 662 2376 et
671 2325 768 2376 stellas
777 2336 877 2374 conso-

19 2397 22 2403 ’
77 2390 134 2441 lari
147 2394 270 2449 noctem,
284 2396 366 2455 atque
380 2389 423 2440 his
437 2391 564 2445 carnibus
577 2392 669 2444 uetari
680 2397 710 2442 et
725 2389 878 2458 significari

78 2463 216 2520 tempora.
249 2453 383 2513 Videmus
391 2455 528 2508 huuridam
536 2472 732 2524 usquequaque
742 2464 877 2519 naariam,

77 2521 203 2589 piscibus
213 2527 243 2572 et
252 2521 352 2573 belluis
362 2528 392 2572 et
400 2522 512 2576 alitibus
521 2523 708 2587 fecundatam,
720 2523 794 2592 quod
803 2524 876 2576 sitris

78 2587 266 2653 corpulentis,
289 2602 359 2654 quse
379 2588 489 2642 velaou
508 2591 600 2642 avium
615 2597 722 2658 portat,
744 2605 875 2660 aquarum
935 2591 945 2599 “

77 2653 258 2708 exhalatione
276 2655 441 2707 concrescit.
475 2657 608 2710 Videmus
620 2657 739 2710 tarenis
753 2657 875 2710 asdruali-
