2050 2925
196 152 513 207 comessionem
530 152 653 205 LIBER
669 152 751 206 Vlll.
824 152 886 207 133·

73 260 120 306 set
138 252 208 307 dics.
241 258 277 307 At
292 257 466 319 illi-narrato
483 256 589 322 placito
609 262 638 307 et
653 256 797 323 proposito
812 272 873 317 suo,

73 336 187 389 qnoque
204 324 288 374 modo
307 327 337 375 in
350 326 392 375 eis
404 324 470 375 talis
483 324 611 373 voluntas
626 330 688 391 orta
702 330 778 374 esset
790 330 873 390 atque

74 390 194 451 firmata,
204 393 372 455 petiverunt,
383 406 417 441 nc
428 392 482 441 sibi
491 390 603 441 molesti
613 395 716 452 essent,
727 390 751 440 si
762 390 875 457 adiungi

73 463 245 527 recusarent.
280 457 330 508 lsti
344 464 436 509 autem
446 456 533 509 nihilo
543 458 642 515 mutati
652 458 814 523 apristinis,
827 456 886 507 tle-¹

73 529 177 574 verunt
184 538 216 573 se
225 530 317 576 tamen
328 525 371 586 (ut
381 524 502 588 dicebat)
513 530 596 589 atque
606 524 663 575 illis
673 523 718 591 pie
730 529 876 591 congratu-

74 589 126 641 lati
140 597 217 653 sunt,
232 597 262 642 et
273 592 535 652 commendaverunt
545 606 575 642 se
586 582 760 642 ciationibus
771 606 877 650 eorum,

74 664 105 709 et
124 655 268 709 trahentes
287 672 337 708 eor
353 660 383 710 in
399 664 475 709 terra
487 660 617 709 abierunt
628 660 657 710 in
671 658 816 724 palatium3
834 656 877 707 illi

72 730 170 775 autem
188 724 342 790 adfigentes
354 740 411 776 ,cor
423 725 505 777 coelo
518 731 679 776 manserunt
691 726 719 775 in
733 740 806 787 casa.
841 724 878 773 Et

73 792 158 844 ambo
169 790 308 843 habebant
317 806 447 857 sponsas3
466 788 550 858 quae,
564 802 664 857 postea
675 808 756 859 quam
766 790 819 842 hoc
830 805 876 841 au-

72 859 196 919 dierunt,
206 858 814 925 dicaveruntetiamipsaevirginitatemtibi.
909 898 911 903 .

126 926 156 977 c.
170 924 230 977 Vll.
247 925 403 976 'Narrabat
415 923 485 974 haee
498 925 684 976 Pontitianns.
720 927 764 977 Tu
774 934 876 988 autem,

73 993 209 1056 Domine,
231 993 304 1043 inter
323 992 409 1043 rerba
431 994 492 1042 eius
514 992 698 1057 retorquebas
716 1006 761 1043 me
780 994 815 1044 ad
833 1008 877 1043 me

73 1063 178 1126 ipsum,
193 1058 323 1109 auferens
335 1073 380 1109 me
393 1073 410 1107 a
423 1052 508 1108 dorso
519 1070 594 1119 meo,
607 1056 656 1107 ubi
666 1072 710 1107 me
720 1072 877 1124 posueram,

75 1131 141 1180 dum
155 1127 259 1178 nollem
271 1140 315 1175 me
329 1125 494 1186 adtendere,
509 1131 538 1174 et
552 1124 743 1175 constituebas
756 1141 799 1176 me
814 1132 883 1177 ante

75 1197 178 1247 faciem
187 1207 290 1255 meam,
304 1199 335 1242 ut
344 1191 480 1254 viderem,
491 1206 574 1257 quam
582 1191 671 1257 turpis
682 1205 785 1256 essem,
797 1208 877 1259 quam

76 1265 213 1315 distortus
233 1266 261 1310 et
276 1258 419 1321 sordidus,
438 1259 597 1309 maculosus
612 1264 640 1308 et
652 1258 806 1311 ulcerosus.
842 1260 879 1310 Et

75 1328 205 1382 videbam
215 1332 244 1376 et
252 1324 411 1389 horrebam,
423 1331 452 1376 et
461 1339 516 1392 quo
527 1341 544 1376 a
553 1340 596 1376 me
606 1324 732 1393 fugerem
742 1341 796 1377 non
808 1334 877 1381 erat.

75 1399 113 1449 Et
122 1396 148 1446 si
158 1394 280 1446 conabar
289 1409 306 1443 a
314 1408 358 1444 me
369 1399 495 1444 avertere
504 1393 678 1460 adspectum,
689 1395 819 1445 narrabat
828 1394 878 1445 ille

76 1462 154 1534 quod
166 1460 308 1523 narrabat,
327 1469 356 1513 et
368 1469 399 1512 tu
411 1475 455 1512 me
468 1475 564 1512 rursus
581 1461 741 1527 opponebas
754 1461 834 1524 milri,
850 1469 879 1514 et
893 1469 896 1478 ’

75 1532 250 1598 impingebas
263 1544 307 1580 me
320 1530 349 1579 in
361 1530 459 1580 oculos
475 1543 564 1590 meos,
576 1535 607 1579 ut
616 1530 768 1578 invenirem
776 1530 878 1595 iniqui·

44 1617 49 1625 ¹
74 1609 163 1652 tatem
173 1611 262 1648 meam
275 1602 304 1646 et
313 1596 444 1646 odissem.
467 1594 605 1645 Noveram
617 1595 742 1656 eam,sed
752 1595 878 1645 dissime·
930 1617 932 1625 ·

73 1669 177 1728 labam,
188 1672 217 1716 et
227 1662 409 1714 conhibebam
422 1659 629 1728 [connivebam]
643 1652 671 1712 et'
682 1661 876 1711 obliviscebar.

75 1738 157 1787 Tunc
166 1744 233 1782 vero
244 1737 347 1797 quanto
357 1730 500 1780 ardentius
510 1729 634 1779 amabam
644 1729 723 1790 illos,
734 1728 768 1778 de
779 1728 877 1794 quibus

73 1801 223 1854 audiebam
230 1798 356 1848 salubres
365 1797 501 1857 adiectus,
509 1796 622 1862 quodse
631 1801 709 1846 totos
718 1794 768 1844 tibi
780 1809 876 1846 sanan-

73 1871 127 1922 dos
135 1866 279 1926 dederant,
285 1871 364 1916 tanto
373 1864 573 1915 exsecrabilius
583 1878 626 1914 me
638 1868 824 1928 comparatum
836 1863 876 1913 eis

74 1937 202 1997 oderam3
216 1933 346 2000 quoniam
354 1932 435 1983 multi
444 1933 499 1982 mei
509 1930 575 1982 anni
583 1945 690 1980 mecum
701 1927 875 1992 effluxerant,

72 2003 150 2054 forte
163 2000 312 2051 duodecim
324 2001 401 2061 anni,
416 2014 451 2050 ex
465 2014 519 2065 quo
535 1998 568 2048 ab
581 1997 788 2065 undevicesimo
799 1996 874 2048 'anno

72 2069 176 2122 aetatis
189 2081 281 2128 meae,
300 2067 375 2116 lecto
393 2067 537 2118 Ciceronis
550 2065 716 2126 Hortensio,
737 2066 874 2115 excitatus

72 2151 150 2188 cram
160 2135 254 2185 studio
264 2135 460 2200 sapientiae,et
470 2131 874 2185 differebamcontemtaielici-
941 2151 947 2164 t

71 2211 132 2255 tate
142 2211 255 2253 terrena
264 2202 298 2251 ad
311 2215 371 2264 eam
381 2200 603 2267 investigandam
611 2214 719 2262 vacare,
729 2201 806 2250 euius
818 2214 874 2250 non

70 2270 208 2330 inventio,
216 2269 267 2319 sed
274 2269 318 2318 rel
325 2263 538 2336 sola'inqur'sitio
547 2269 601 2318 iam
608 2266 804 2334 praeponenda
814 2272 875 2316 erat

71 2335 283 2389 etiaminrentls
291 2333 429 2386 thesauris
439 2336 588 2402 regnisque
600 2335 732 2402 gentium,
741 2338 770 2382 et
781 2332 816 2381 ad
825 2347 876 2380 nu·
974 2379 980 2394 ,

60 2414 129 2469 ,tum
141 2400 394 2454 circumfluentibus
404 2404 530 2467 eorporis
541 2401 738 2467 voluptatibus.
773 2400 809 2448 At
819 2411 872 2462 ego

70 2471 239 2527 adolescens
258 2468 355 2529 miser,
378 2470 459 2520 valde
479 2470 575 2529 miser,
599 2469 628 2518 in
649 2465 765 2516 exordio
784 2464 872 2578 iginius

70 2535 281 2588 adolescentiae
289 2535 373 2584 etiam
379 2537 513 2600 petieram
523 2542 573 2586 ate
583 2537 750 2591 castitatem,
759 2535 787 2579 et
815 2531 872 2580 ixc-

69 2619 143 2656 rarn:
162 2603 199 2657 da
215 2599 283 2652 mihi
302 2603 458 2654 castitatem
479 2608 508 2653 et
520 2599 732 2656 continentiam,
752 2595 801 2644 scd
814 2595 873 2645 noli

70 2672 167 2723 modo.
195 2668 339 2721 Timebam
349 2670 477 2738 colimne
487 2683 531 2720 me
542 2669 598 2718 cito
609 2661 766 2724 exaudires,
777 2666 806 2712 et
815 2664 874 2712 eito
