2050 2925
141 130 175 181 28
221 182 224 189 ,
333 128 504 182 senatu
522 126 751 200 nocuerim

90 252 101 266 ‘
141 231 356 292 mea,etanima
365 245 428 282 mea
439 245 495 281 non
504 230 693 286 metuitindci
702 229 824 296 Diligam
833 234 872 283 tc.
882 228 941 279 Do·

139 300 227 359 minc,
239 303 268 347 et
277 298 382 363 gratias
393 312 486 364 agam,
502 304 532 347 ct
540 297 787 348 confitearnonrini
796 304 941 364 tuo,qnon·

142 361 198 413 iam
229 370 305 416 tanta
319 364 448 419 dimisisti
461 362 762 415 mihimalactnciaria
771 377 939 428 operamea.

141 431 262 483 Gratiae
276 436 343 481 tuac
362 432 464 495 deputo
484 436 515 480 ct
531 431 742 482 misericordiae
761 435 841 490 tuac,
864 428 938 495 quod

139 504 256 564 peccata
280 512 344 547 inca
364 503 503 563 tamquam
526 493 645 564 glaciem
667 497 797 548 solrioti.¹
823 496 940 546 Gratias

139 574 204 616 tuae
225 564 377 629 deputo.ct
395 568 584 629 quaecumque
600 578 657 613 non
673 562 730 614 ieci
744 562 830 613 maia.
866 561 942 621 Quid

141 632 215 683 enim
228 644 284 681 non
299 628 393 679 facore
407 626 500 696 potui,
515 630 563 695 qui
576 630 660 680 etiam
670 631 821 696 gratuitum
830 628 942 679 facinus

140 698 246 749 amavit
262 694 305 746 Et'
314 695 406 745 omnia
419 695 487 746 mihi
502 697 618 747 dimissa
633 711 696 747 esse
705 696 810 747 fatcor:
830 702 859 746 ct
888 710 943 745 uae

139 778 202 815 mea
212 768 310 829 epontc
320 761 376 812 feci
386 762 468 825 mala,
480 769 509 813 et
518 778 590 829 quae
599 763 775 815 tetinccnon
785 761 851 814 ieci.
869 711 942 822 anis

113 872 122 882 s
140 837 185 889 cst
194 828 348 891 hominnm,
359 830 407 895 qui
416 844 494 882 suem
504 830 632 909 cogitans
642 830 845 891 infirmitatem,
856 828 943 879 audet

139 896 245 965 viribus
267 896 327 947 airis
344 896 469 948 tribucre
480 903 641 948 castitatem
654 902 739 963 atquc
751 896 942 946 innocentiam

140 976 230 1027 suam3
248 970 281 1014 ut
292 964 382 1014 minus
398 971 473 1015 amet
485 972 529 1027 tc,
543 964 623 1029 quani
636 965 726 1014 minus
740 964 768 1013 ei
778 963 943 1013 necessaria
1014 1026 1015 1029 Ἴ

138 1031 227 1081 inerit
233 1031 427 1082 misericordia
436 1036 497 1094 tua,
509 1038 567 1097 qua
576 1030 663 1081 donas
672 1036 789 1096 peccata
796 1030 942 1080 conversis

140 1096 230 1149 adtei
248 1099 310 1158 Qui
329 1100 413 1149 enim
431 1104 573 1149 vocatus
588 1113 606 1148 a
617 1104 649 1147 tc
663 1102 803 1147 secutus
817 1102 877 1147 cst·
888 1111 939 1147 vo·

140 1180 208 1215 cem
221 1172 322 1226 tuom,
341 1171 374 1215 et
387 1166 508 1217 vitavit
523 1180 572 1227 ca,
587 1178 673 1230 quac
687 1178 737 1215 mc
750 1164 790 1213 de
804 1177 848 1214 mc
863 1164 940 1229 ipso

138 1231 373 1281 recordantem
391 1238 425 1282 et
442 1230 604 1283 fatentem
622 1232 723 1297 legit,
742 1244 806 1281 non
822 1245 872 1281 mc
887 1230 939 1281 do

139 1298 253 1348 rideat
271 1297 310 1347 ab
333 1310 370 1357 co
390 1298 519 1348 medico
537 1312 672 1363 aegrum
690 1297 817 1360 sanari,
836 1313 854 1348 a
875 1312 940 1363 qno

139 1364 207 1427 sibi
225 1363 426 1429 praestitum
443 1369 508 1426 est,
526 1369 639 1426 utnon
653 1372 861 1431 aegrotaret,
883 1363 941 1415 rel
1014 1368 1015 1375 ’

102 1446 103 1458 ’
138 1430 254 1496 potius
273 1436 309 1480 ut
327 1430 434 1482 minus
452 1437 717 1500 aegrotarctzct
732 1432 810 1484 ideo
824 1436 857 1483 te
870 1438 939 1485 tan·

138 1497 288 1560 tamdem,
303 1498 367 1548 imo
382 1495 460 1549 vcro
477 1499 617 1564 antelios
632 1499 766 1568 diligat3
785 1500 867 1566 quit
881 1513 941 1565 per

138 1578 232 1633 quem
253 1579 302 1616 me
323 1565 415 1617 videt
431 1567 536 1618 tantis
555 1573 771 1632 pcccatorum
790 1581 940 1617 meorum
1014 1567 1015 1578 ¹

137 1633 357 1701 languoribus
380 1635 470 1697 exui,
492 1647 552 1700 per
573 1648 644 1685 enm
663 1649 698 1685 sc
721 1634 815 1685 videt
829 1636 939 1684 tantis

137 1707 350 1768 peccatorum
364 1700 593 1817 lanffuoribns
605 1717 675 1757 non¹
685 1701 867 1772 implicari.

188 1769 218 1836 G,
233 1767 305 1819 vm.
326 1769 414 1828 Quem
436 1775 544 1819 ructum
559 1768 642 1820 hebui
651 1767 897 1834 miseraliqnando
907 1767 938 1816 in

137 1836 182 1898 iis,
192 1849 263 1901 qnae
272 1835 483 1886 nuoc'recolcns
492 1835 773 1887 crubescoimeximc
781 1834 869 1885 iniilo
878 1833 938 1884 im·-

137 1903 216 1962 to‚¹in
228 1916 281 1966 quo
292 1902 381 1966 ipsum
395 1901 499 1952 furtum
510 1902 616 1953 amarit
642 1901 712 1951 ninii
726 1900 815 1961 aliud,
831 1916 894 1950 cum
908 1909 939 1950 ct

135 1969 226 2033 ipsum
237 1975 313 2016 essct
321 1965 404 2029 nihii,
418 1974 446 2022 et
460 1981 494 2018 eo
503 1970 566 2034 ipso
577 1983 631 2034 ego
642 1967 786 2018 miseriori
796 1967 832 2017 Et
842 1973 937 2018 tamen

137 2033 215 2085 solus
233 2032 262 2081 id
282 2046 337 2082 non
356 2031 501 2096 iecissem
520 2036 563 2085 sic
578 2035 713 2085 recordor
729 2035 850 2085 animum
868 2039 937 2082 tuno

125 2113 245 2160 (meum3
261 2097 338 2150 solus
352 2099 464 2151 omnino
480 2101 510 2151 id
523 2116 579 2151 non
591 2101 731 2155 iecissem.
752 2101 829 2166 Ergo
843 2102 938 2152 amavi

136 2165 178 2216 ibi
198 2165 280 2215 etiam
296 2167 467 2218 consortium
480 2178 605 2230 reorum,
627 2185 690 2219 cum
705 2168 804 2234 quibua
817 2166 847 2217 id
862 2165 937 2218 fecii

137 2232 200 2284 Non
211 2245 278 2298 crgo
290 2229 359 2281 nihii
370 2233 456 2293 aliud,
474 2248 556 2299 quani
565 2235 669 2286 furtum
680 2235 784 2296 amari,
797 2235 854 2283 imo
865 2248 934 2286 vcro

137 2297 208 2350 nihil
221 2298 309 2359 aliud,
324 2300 389 2364 quia
399 2306 427 2350 ct
436 2301 505 2351 iliud
515 2300 585 2352 nihil
595 2302 654 2353 esti
682 2301 757 2361 Quid
766 2302 937 2364 estrcrcrat

138 2367 207 2427 Quis
218 2365 317 2432 estqui
328 2365 429 2417 doceat
438 2383 491 2432 mc,
504 2370 560 2418 nisi
570 2370 617 2435 qui
625 2369 765 2419 iilumiuat
773 2382 824 2418 cor
831 2382 935 2431 mcum,

138 2441 167 2484 ct
182 2434 316 2486 discernit
326 2434 434 2484 umbras
445 2435 523 2486 ciust
540 2435 614 2494 Quid
624 2442 681 2497 est,
696 2435 770 2500 quod
778 2433 938 2488 mihivenr't

137 2501 166 2551 in
179 2507 300 2552 mentem
314 2515 463 2568 quaerere,
481 2507 510 2552 et
524 2502 677 2563 discutere,
693 2508 722 2551 ct
737 2500 937 2552 consideraret

138 2567 210 2630 Quia
220 2571 244 2620 si
255 2577 320 2620 tunc
330 2583 450 2620 animem
460 2583 544 2635 poma
552 2569 615 2631 ilia,
624 2582 697 2634 oeae
705 2566 814 2617 imma
824 2581 895 2630 suns,
905 2573 938 2617 ct

137 2635 178 2687 eis
188 2635 242 2690 frui
254 2651 398 2702 cuperem,
412 2651 524 2703 possem
535 2637 616 2690 etiam
627 2637 719 2698 solus,
733 2634 759 2685 si
767 2633 836 2688 satia
846 2640 933 2695 essct,

813 2895 818 2920 i
