2050 2925
212 150 532 206 coNFussloqu
549 150 673 207 LIBER
688 154 757 208 vn.
832 154 881 211 118

80 256 164 322 quasi
172 268 207 305 ex
215 253 314 308 eodem
322 268 425 321 genere
434 254 567 321 grandior
575 260 643 317 erat,
651 260 789 323 tamquam
797 257 885 308 siista
952 254 955 261 '

79 322 171 372 multo
184 321 328 388 multoque
338 323 440 372 olarios
450 321 633 383 clarescent,
646 327 791 387 totumque
802 337 883 374 occu·

78 389 369 456 paretmagnitudine.
386 386 883 450 Nonhocillaerat,sedaliud,aliod

78 452 164 505 valde
178 454 290 507 abistis
304 455 440 506 omnibus.
475 453 534 505 Neo
547 456 588 505 ita
601 459 661 505 erat
671 469 754 521 supra
762 461 883 506 mentem
912 486 916 501 ,

78 535 186 583 meam,
206 523 280 571 siout
294 521 386 571 oleum
400 536 483 587 super
494 535 607 587 aquom,
616 534 673 571 ‘noc
687 522 761 584 sicot
773 520 883 571 eoelum

78 602 167 703 super
175 593 291 650 tes-rann
300 588 350 638 sed
360 590 498 653 superior,
507 588 574 653 quia
582 589 643 654 ipsa
652 586 782 650 iecit'me,
791 594 819 637 et
827 589 883 653 'ego

77 655 110 705 in
125 656 210 717 erior,
220 653 385 720 qniaiactus
395 670 455 705 sum
464 654 498 704 ab
509 668 551 704 ea.
576 654 631 715 Qui
640 656 718 706 novit
729 658 883 715 veritatem,

77 722 161 772 novit
170 734 245 783 eam3
254 725 284 771 et
293 724 339 788 qui
349 723 426 772 novit
436 736 506 784 eam,
516 723 594 773 novit
603 724 805 773 aeternitatem.
834 721 884 771 Ga-

76 788 154 839 ritas
167 788 247 837 novit
258 802 328 855 eam,
364 787 388 838 0
402 794 517 839 aeterna
525 790 642 851 veritas,
657 794 686 839 et
696 790 883 851 sensualitas,

78 859 111 905 et
126 868 192 904 earu
201 856 362 905 aeternitas.
397 856 441 905 Tu
452 870 482 905 es
490 855 663 907 Deusmeus.
698 855 763 907 Tibi
773 858 882 922 suspiro

78 921 129 972 die
138 934 172 971 ae
181 926 274 981 noete.
309 921 346 972 Et
355 937 417 972 cum
426 927 455 973 te
464 922 582 989 primum
593 923 721 988 cognovi,
731 929 763 973 tu
773 924 881 974 adsum·

79 988 148 1039 sisti
160 1002 218 1051 me,
232 993 263 1039 ut
275 988 399 1040 viderem
412 1002 475 1039 esse
489 988 707 1054 quodi-iderem,
722 995 750 1039 et
760 989 881 1040 nondum
956 990 958 995 ’

77 1068 126 1107 me
141 1068 216 1117 esse,
230 1055 278 1123 qui
286 1055 418 1106 viderem.
453 1055 489 1105 Et
498 1054 882 1107 reverberastiinflrmitatem

78 1120 232 1188 adspectus
240 1124 311 1183 mei,
320 1122 433 1175 radians
441 1124 471 1173 in
478 1134 525 1172 me
534 1118 725 1183 vehementer,
736 1126 765 1171 et
774 1129 882 1172 contre-

78 1191 141 1241 mui
150 1203 245 1241 amore
255 1194 283 1241 et
293 1186 420 1250 horrore,
429 1195 459 1238 et
464 1189 559 1239 inveni
568 1188 652 1257 longe
661 1202 705 1239 nne
716 1202 778 1239 esse
790 1194 843 1239 nte
853 1188 893 1239 in·

77 1255 200 1321 regione
220 1256 468 1317 dissimilitudinis,
486 1261 625 1323 tamquam
643 1255 768 1307 audirem
785 1268 892 1307 votem·

78 1330 159 1374 tuam
173 1322 208 1373 de
224 1322 351 1374 excelsos
369 1322 462 1374 eibos
475 1337 544 1373 sum
560 1323 743 1390 grandium,
759 1336 882 1384 cresce,

81 1395 116 1442 et
134 1390 344 1442 manducabis
359 1404 421 1454 me3
438 1404 499 1441 nec
515 1396 549 1441 tu
567 1404 615 1459 me
631 1393 664 1442 in
679 1396 712 1440 te
731 1390 882 1451 mutabis,

80 1457 174 1509 sicut
186 1458 293 1509 cibum
307 1459 418 1514 earnis
430 1462 521 1520 tuae,
535 1457 594 1508 sed
606 1464 642 1508 tu
654 1458 835 1509 mutaberis
849 1458 892 1508 in

80 1539 140 1576 me.
166 1525 202 1575 Et
212 1528 340 1592 cognovi,
352 1525 481 1592 quoniam
490 1539 540 1590 pro
550 1525 697 1592 iniquitate
708 1524 825 1575 erudisti
834 1523 883 1574 ho·

81 1592 197 1653 minem,
216 1598 245 1642 et
261 1593 408 1644 tabescere
426 1590 521 1643 iecisti
538 1591 611 1640 sieut
623 1592 883 1645 araneamanimam

81 1671 186 1719 meam3
205 1664 234 1708 et
246 1658 315 1710 dixi:
334 1659 467 1725 numquid
480 1655 550 1708 nihii
564 1663 609 1708 ost
621 1657 736 1717 veritas,
750 1658 881 1722 quoniam

81 1739 120 1776 ne
141 1738 176 1774 ue
191 1739 246 1790 pen·¹
255 1726 346 1788 finito,
365 1739 456 1791 nequo
468 1739 519 1790 per
530 1723 640 1774 infinita
651 1723 778 1774 locorum
790 1723 882 1787 spatia

82 1739 255 1844 didusaesti
270 1793 308 1844 Et
316 1791 443 1844 clamasti
452 1790 489 1842 de
498 1790 663 1864 longinquo:
682 1788 815 1841 imovero
826 1803 879 1855 ego

82 1871 158 1920 sum,
172 1861 220 1925 qni
231 1875 299 1911 sum.
333 1859 371 1910 Et
379 1858 488 1920 audivi,
500 1859 575 1908 sicut
585 1857 733 1908 auditorio
744 1855 881 1917 eorde,>ot

82 1939 145 1976 non·
154 1931 215 1976 enat
230 1940 344 1992 prorsus
353 1926 427 1978 unde
436 1925 605 1988 dubitarem
626 1923 792 1990 faciliusque
802 1923 881 1974 dubi·
950 1934 956 1948 ‘

81 1997 172 2042 tarem
181 1991 342 2056 viveretne,
352 2008 433 2060 qnam
442 2007 498 2043 non
507 2006 570 2056 osse
581 1993 739 2055 veritatem,
750 2004 820 2059 quae
830 2003 880 2057 per

84 2072 131 2120 ea,
141 2073 212 2124 quae
221 2058 297 2112 iacta
306 2067 382 2122 sunt,
391 2059 537 2111 intellecta
547 2059 725 2126 conspicitur.
758 2111 760 2116 ,

100 2153 105 2162 ·
135 2125 164 2176 C.
175 2125 226 2176 xl.
260 2126 297 2177 Et
315 2127 425 2193 inspexi
443 2134 555 2178 caetera
568 2126 642 2178 infra
653 2133 702 2187 te„
716 2129 745 2176 et
756 2125 814 2176 vidi
827 2137 879 2175 noc

67 2193 197 2244 omnino
208 2207 285 2255 esse,
304 2207 355 2245 nee
366 2193 478 2244 omnino
497 2209 553 2245 non
568 2207 641 2246 esse.
668 2193 739 2244 Esse
750 2192 885 2260 ¹quidem,¹

84 2259 216 2324 quoniam
229 2259 317 2310 abste
329 2266 408 2324 snnt3
424 2275 482 2311 non
494 2275 558 2311 esse
571 2264 676 2322 antem,
698 2261 828 2327 quoniam
840 2256 879 2318 id,

84 2323 159 2390 qood
169 2340 213 2388 es,
226 2332 375 2392 nunaunt„
394 2326 430 2376 ld
448 2328 531 2378 enim
544 2341 620 2378 vere
639 2333 704 2389 est,
727 2324 812 2392 quod
830 2324 892 2373 in·-

83 2391 368 2446 commutabiliter
384 2402 501 2446 manet.
534 2392 606 2446 Mihi
622 2400 714 2444 autem
732 2389 879 2444 inhaerere

82 2455 146 2510 Deo
155 2459 259 2511 bonnm
268 2461 392 2527 estquis
401 2459 426 2512 si
435 2475 492 2512 non
500 2459 618 2512 monebo
628 2463 657 2512 in
666 2459 727 2520 illo,
736 2471 788 2508 neo
797 2457 827 2506 in
835 2471 879 2506 me

121 2530 192 2576 tero.
223 2525 277 2578 llis
287 2531 417 2580 antemio
426 2541 458 2577 se
467 2542 582 2580 monens
592 2524 707 2578 innovat
717 2524 817 2576 omnin.
843 2523 881 2572 Et

112 2594 220 2645 ominus
229 2591 308 2646 Deos
317 2609 395 2647 mens
405 2609 449 2658 es,
462 2597 592 2664 quonism
604 2593 742 2646 bonorum
754 2598 879 2642 meorum
908 2629 916 2634 .

82 2671 138 2710 ΕΜ
147 2673 224 2727 080!-
257 2689 264 2725 ᾗ

116 2734 250 2781 Audon.
267 2735 411 2782 conam.
647 2724 677 2778 Η
