2050 2925
40 83 46 89 ⁸
126 126 177 176 ιιι
319 119 734 194 sunninnoousrim

84 267 88 273 .
124 225 248 284 venirem
262 207 352 291 ne'que
362 224 527 287 dubitarem,
539 230 568 275 et
577 224 729 275 extendens
739 218 829 273 adme
838 222 929 273 susei-

48 354 55 359 ψ
124 291 255 359 piendum
265 300 304 354 xet
319 292 541 357 amplectendum
553 292 613 356 pias
623 306 732 353 nianus,
751 290 929 359 plenas'gre·

26 392 32 399 ι
126 358 207 425 gibus
220 358 358 409 bonorum
371 358 569 423 exenrplorum.
602 358 647 411 lbi
657 364 704 427 tot
717 358 795 427 pueri
808 365 838 408 et
849 358 931 422 puel·

126 427 185 488 lae3
202 425 243 476 ibi
260 424 502 486 iuventusmulta,
523 430 551 475 et
566 425 654 476 omnis
672 430 763 487 aetas,
784 429 930 489 etgraves

125 493 241 555 viduae,
260 498 289 543 et
300 494 424 559 virgines
437 506 521 554 arsus3
540 500 568 543 et
581 492 611 541 in
624 491 824 557 omnibusipsa
839 492 930 541 conti·

123 560 220 610 nentia
232 573 405 626 nequaquam
417 558 536 619 sterilis,
556 558 608 609 sed
622 557 742 609 fecunda
753 563 842 607 mater
856 558 930 609 lilio·

125 640 187 676 rum
197 626 362 692 gaudiorum
371 625 406 675 de
415 626 571 687 maritote,
585 625 714 675 Domine.
749 624 785 674 Et
793 624 932 675 irridebat

124 707 169 742 me
178 693 308 742 irrisione
318 689 487 753 hortatoria,
503 692 583 793 ‹puasi
593 691 712 743 diceret:
731 692 775 742 Tu
784 706 840 742 non
850 698 931 757 pote·

125 760 180 821 iis,
193 758 268 823 quod
276 758 337 819 isti,
352 755 428 824 quod
436 758 521 808 istae.
542 760 583 807 An
593 772 660 808 vero
670 758 719 809 isti
728 764 757 809 et
766 760 838 809 istae
845 759 876 809 in
887 773 931 809 se-

126 831 184 876 met
191 825 259 889 ipsis
268 830 395 890 possunt,
404 839 438 874 ac
447 838 504 873 non
513 824 543 874 in
551 824 745 875 Dominosseo
755 825 823 875 suoi
832 824 931 876 Domi·

125 891 265 942 nus'Deus
275 906 371 941 eornm
380 889 512 942 resededit
522 892 572 941 eis.
595 891 669 951 Quid
678 892 706 941 in
716 898 744 943 te
754 896 822 955 stas,
833 898 863 942 et
873 906 932 943 non

127 958 201 1023 stasl
213 958 362 1009 Proiieete
371 958 401 1009 in
410 971 487 1019 eum;
504 958 703 1020 nolimetuere,
714 974 770 1009 non
779 972 811 1009 se
822 959 930 1030 subtra-

103 1059 111 1070 ,
127 1024 190 1089 het,
200 1026 338 1089 utendas3
355 1027 502 1092 proiice'te
512 1039 639 1087 securus,
651 1026 809 1091 excipietet
819 1026 932 1077 sanabit

127 1099 166 1143 te.
201 1093 238 1143 Et
246 1092 444 1144 erubescebam
462 1094 559 1156 nimis,
579 1093 646 1159 quia
663 1092 774 1142 illarum
791 1106 930 1158 nugarum

85 1196 87 1201 ,
127 1174 251 1210 murmur
267 1158 358 1210 adhue
377 1160 536 1221 audiebam,
557 1165 586 1209 et
603 1159 810 1212 eiinetabundus
825 1158 930 1225 pende-

45 1252 52 1260 =
125 1226 204 1276 bam.
233 1227 375 1288 Etrursus
385 1223 448 1287 illa,
464 1228 545 1291 quasi
555 1226 673 1278 diceret:
692 1226 870 1277 Obsnrdesoe
881 1226 928 1277 ad-

125 1306 223 1341 versus
242 1291 382 1342 immunda
399 1292 449 1341 illa
466 1292 590 1343 membra
602 1298 651 1343 tua
664 1300 878 1358 superterram,
898 1301 930 1345 ut

125 1358 340 1419 mortificantum
358 1364 471 1408 narrant
490 1359 544 1409 tibi
563 1359 778 1421 delectationes,
802 1360 930 1411 sednon

127 1424 201 1475 sieut
209 1425 256 1475 lex
264 1423 440 1476 DominiDei
449 1426 499 1477 tui.
535 1426 592 1477 Ista
602 1428 793 1479 controversia
801 1428 830 1477 in
841 1428 929 1480 cordo

126 1504 201 1554 meo,
211 1507 267 1542 non
276 1492 331 1543 nisi
341 1492 376 1543 de
386 1508 430 1543 me
438 1493 501 1559 ipso
512 1494 646 1544 adversus
656 1496 807 1562 meipsum.
820 1498 854 1548 st
862 1495 929 1560 Aly-

126 1559 189 1625 pius
205 1559 312 1610 adfixus
325 1559 407 1610 lateri
420 1575 496 1624 nien,
509 1561 636 1613 inusitati
649 1563 809 1613 motusrmei
822 1561 930 1614 exitum

23 1681 28 1693 .
126 1627 229 1678 tacitus
241 1627 444 1694 opperiebatur.

179 1695 209 1746 C.
225 1694 285 1745 Xll.
319 1695 373 1744 libi
386 1709 452 1745 vero
466 1694 578 1748 afundb
589 1711 689 1746 arcano
701 1697 757 1748 alta
768 1665 928 1748 considera·

127 1761 168 1811 tio
177 1760 333 1822 contraxit,
347 1768 376 1811 et
389 1765 531 1828 congessit
543 1767 630 1814 totam
644 1765 785 1816 miserium
797 1779 889 1814 meam
899 1765 929 1814 in

126 1834 306 1893 corispeetum
325 1829 418 1881 cordis
431 1831 501 1885 mei,
521 1829 621 1880 oborta
634 1832 814 1896 estproeella
826 1833 928 1897 ingens

4 1905 6 1909 ’
52 1901 63 1914 ·
86 1923 101 1948 s
126 1893 221 1944 ferens
239 1895 381 1960 ingentem
395 1895 512 1954 imbrem
524 1897 707 1948 lacrimarum.
742 1899 778 1948 Et
792 1903 823 1951 ut
836 1904 929 1948 totum

127 1958 299 2010 effunderem
309 1975 371 2010 eum
379 1961 495 2011 roribus
505 1965 572 2026 suis,
584 1965 693 2015 surrexi
703 1965 737 2014 ab
746 1965 856 2031 Alypio.
869 1964 929 2016 ,δο-

125 2027 216 2076 liludo
230 2025 299 2076 mihi
311 2027 347 2076 ad
359 2028 504 2100 negotium
513 2029 600 2083 flendi
613 2032 704 2096 aptior
713 2032 928 2098 subgerebatur.

125 2093 164 2142 Et
180 2093 286 2143 secessi
304 2098 451 2161 remotius,
471 2112 551 2164 quam
569 2103 600 2152 ut
613 2096 712 2166 posset
724 2097 791 2149 mihi
805 2112 930 2150 onerosa

126 2173 190 2210 esse
211 2160 293 2213 etiam
309 2165 368 2214 eins
382 2169 548 2230 praesentia.
583 2165 630 2218 Sio
643 2173 709 2218 tune
725 2181 814 2228 eram,
833 2171 863 2216 et
877 2164 929 2216 ille

125 2228 227 2286 sensit:
245 2231 342 2281 nescio
353 2233 420 2297 quid
430 2234 502 2283 enim
512 2239 579 2298 puto
591 2232 724 2295 dixeram,
734 2234 763 2283 in
775 2247 830 2300 quo
840 2233 928 2298 adpa-

57 2344 59 2347 ,
125 2296 206 2346 rebat
215 2311 301 2348 sonus
310 2299 473 2350 voeismeae
482 2301 536 2349 iam
546 2299 611 2350 lletu
622 2301 765 2366 gravidum
778 2301 857 2350 etsie
868 2313 929 2350 sur-

126 2376 262 2414 texeram.
293 2365 397 2416 Mansit
408 2380 474 2432 ergo
485 2366 534 2416 ille
543 2366 591 2416 ubi
600 2367 764 2418 sedebamus
775 2368 860 2416 nimie
870 2373 930 2416 stu-

125 2442 204 2490 pens.
238 2431 300 2496 Ego
310 2432 360 2481 sub
372 2431 488 2497 quadam
499 2432 546 2482 fici
555 2433 653 2484 arbore
664 2434 750 2484 stravi
759 2447 816 2495 mo,
828 2432 929 2483 neseio

126 2496 277 2558 quomodo,
288 2503 317 2547 et
326 2497 419 2548 dimisi
428 2497 550 2549 habenas
560 2499 691 2561 lacrimis,
703 2507 731 2550 et
739 2505 930 2564 proruperunt

125 2557 238 2611 flumina
257 2564 401 2614 oculorum
414 2577 551 2626 meorum,
571 2565 930 2634 acceptabile'saerilicium

124 2631 211 2678 tuum.
246 2629 282 2680 Et
295 2644 351 2682 non
361 2631 472 2702 quidem
482 2627 525 2684 bis
536 2632 641 2696 uerbis,
655 2632 705 2686 sed
714 2633 743 2684 in
753 2630 804 2683 heo
814 2637 929 2684 senten·
