<?xml version="1.0" encoding="UTF-8"?>
<!DOCTYPE html PUBLIC "-//W3C//DTD XHTML 1.0 Transitional//EN"
    "http://www.w3.org/TR/xhtml1/DTD/xhtml1-transitional.dtd">
<html xmlns="http://www.w3.org/1999/xhtml" xml:lang="en" lang="en">
 <head>
  <title>
</title>
<meta http-equiv="Content-Type" content="text/html;charset=utf-8" />
  <meta name='ocr-system' content='tesseract 3.04.00' />
  <meta name='ocr-capabilities' content='ocr_page ocr_carea ocr_par ocr_line ocrx_word'/>
</head>
<body>
  <div class='ocr_page' id='page_1' title='image "./saureliiaugusti00brudgoog_0230.png"; bbox 0 0 2050 2925; ppageno 0'>
   <div class='ocr_carea' id='block_1_1' title="bbox 151 63 763 164">
    <p class='ocr_par' dir='ltr' id='par_1_1' title="bbox 151 63 763 164">
     <span class='ocr_line' id='line_1_1' title="bbox 151 63 763 164; baseline -0.013 -3"><span class='ocrx_word' id='word_1_1' title='bbox 151 108 205 161; x_wconf 79' lang='lat' dir='ltr'><strong>aas</strong></span> <span class='ocrx_word' id='word_1_2' title='bbox 342 63 763 164; x_wconf 73' lang='lat' dir='ltr'><strong>suaanrrnueusrrm</strong></span> 
     </span>
    </p>
   </div>
   <div class='ocr_carea' id='block_1_2' title="bbox 69 205 956 539">
    <p class='ocr_par' dir='ltr' id='par_1_2' title="bbox 69 205 956 539">
     <span class='ocr_line' id='line_1_2' title="bbox 151 205 956 338; baseline -0.004 -13"><span class='ocrx_word' id='word_1_3' title='bbox 151 205 956 338; x_wconf 49' lang='lat' dir='ltr'><strong>tf:rittttirrtirttmdta:tramisit</strong></span> 
     </span>
     <span class='ocr_line' id='line_1_3' title="bbox 69 337 954 404; baseline -0.003 -12"><span class='ocrx_word' id='word_1_4' title='bbox 69 392 80 404; x_wconf 71' lang='grc'>,</span> <span class='ocrx_word' id='word_1_5' title='bbox 174 342 230 392; x_wconf 89' lang='lat' dir='ltr'><strong>erit</strong></span> <span class='ocrx_word' id='word_1_6' title='bbox 239 339 414 391; x_wconf 76' lang='lat' dir='ltr'><strong>benedicitur</strong></span> <span class='ocrx_word' id='word_1_7' title='bbox 423 340 483 402; x_wconf 78' lang='lat' dir='ltr'><strong>(Pa.</strong></span> <span class='ocrx_word' id='word_1_8' title='bbox 492 340 566 402; x_wconf 80' lang='lat'><strong>9,24.</strong></span> <span class='ocrx_word' id='word_1_9' title='bbox 577 338 748 402; x_wconf 82' lang='lat' dir='ltr'><strong>sec.LXX.),</strong></span> <span class='ocrx_word' id='word_1_10' title='bbox 759 338 809 389; x_wconf 83' lang='lat' dir='ltr'><strong>scd</strong></span> <span class='ocrx_word' id='word_1_11' title='bbox 819 337 954 389; x_wconf 87' lang='lat' dir='ltr'><strong>laudatur</strong></span> 
     </span>
     <span class='ocr_line' id='line_1_4' title="bbox 153 356 953 474; baseline -0.005 -15"><span class='ocrx_word' id='word_1_12' title='bbox 153 356 239 459; x_wconf 54' lang='lat' dir='ltr'><strong>iuno</strong></span> <span class='ocrx_word' id='word_1_13' title='bbox 251 413 364 474; x_wconf 87' lang='lat' dir='ltr'><strong>propter</strong></span> <span class='ocrx_word' id='word_1_14' title='bbox 374 407 411 456; x_wconf 88' lang='lat' dir='ltr'><strong>ali</strong></span> <span class='ocrx_word' id='word_1_15' title='bbox 431 407 486 458; x_wconf 88' lang='lat' dir='ltr'><strong>uod</strong></span> <span class='ocrx_word' id='word_1_16' title='bbox 496 406 607 468; x_wconf 87' lang='lat' dir='ltr'><strong>donum,</strong></span> <span class='ocrx_word' id='word_1_17' title='bbox 618 406 692 473; x_wconf 90' lang='lat' dir='ltr'><strong>quud</strong></span> <span class='ocrx_word' id='word_1_18' title='bbox 702 406 809 457; x_wconf 88' lang='lat' dir='ltr'><strong>dedisti</strong></span> <span class='ocrx_word' id='word_1_19' title='bbox 815 405 852 467; x_wconf 91' lang='lat' dir='ltr'><strong>ei,</strong></span> <span class='ocrx_word' id='word_1_20' title='bbox 860 412 891 456; x_wconf 84' lang='lat' dir='ltr'><strong>at</strong></span> <span class='ocrx_word' id='word_1_21' title='bbox 901 405 953 456; x_wconf 89' lang='lat' dir='ltr'><strong>iile</strong></span> 
     </span>
     <span class='ocr_line' id='line_1_5' title="bbox 412 423 952 539; baseline 0 -16"><span class='ocrx_word' id='word_1_22' title='bbox 412 423 581 536; x_wconf 68' lang='lat' dir='ltr'><strong>iaudarise,</strong></span> <span class='ocrx_word' id='word_1_23' title='bbox 601 488 682 539; x_wconf 91' lang='lat' dir='ltr'><strong>quam</strong></span> <span class='ocrx_word' id='word_1_24' title='bbox 691 475 781 539; x_wconf 83' lang='lat' dir='ltr'><strong>ipsum</strong></span> <span class='ocrx_word' id='word_1_25' title='bbox 790 470 893 525; x_wconf 88' lang='lat' dir='ltr'><strong>donum</strong></span> <span class='ocrx_word' id='word_1_26' title='bbox 904 469 952 523; x_wconf 87' lang='lat' dir='ltr'><strong>ha·</strong></span> 
     </span>
    </p>
   </div>
   <div class='ocr_carea' id='block_1_3' title="bbox 154 474 409 593">
    <p class='ocr_par' dir='ltr' id='par_1_3' title="bbox 154 474 409 593">
     <span class='ocr_line' id='line_1_6' title="bbox 154 474 409 593; baseline -0.008 -68"><span class='ocrx_word' id='word_1_27' title='bbox 154 474 217 593; x_wconf 65' lang='lat' dir='ltr'><strong>tius</strong></span> <span class='ocrx_word' id='word_1_28' title='bbox 233 474 338 541; x_wconf 78' lang='lat' dir='ltr'><strong>gaudet</strong></span> <span class='ocrx_word' id='word_1_29' title='bbox 354 474 409 524; x_wconf 87' lang='lat' dir='ltr'><strong>sibi</strong></span> 
     </span>
    </p>
   </div>
   <div class='ocr_carea' id='block_1_4' title="bbox 103 537 1010 2676">
    <p class='ocr_par' dir='ltr' id='par_1_4' title="bbox 103 537 1010 2676">
     <span class='ocr_line' id='line_1_7' title="bbox 174 537 952 605; baseline -0.005 -13"><span class='ocrx_word' id='word_1_30' title='bbox 174 555 223 592; x_wconf 89' lang='lat' dir='ltr'><strong>ere</strong></span> <span class='ocrx_word' id='word_1_31' title='bbox 232 540 306 592; x_wconf 88' lang='lat' dir='ltr'><strong>unde</strong></span> <span class='ocrx_word' id='word_1_32' title='bbox 316 540 453 602; x_wconf 82' lang='lat' dir='ltr'><strong>laudatur,</strong></span> <span class='ocrx_word' id='word_1_33' title='bbox 471 541 557 591; x_wconf 82' lang='lat' dir='ltr'><strong>ctiam</strong></span> <span class='ocrx_word' id='word_1_34' title='bbox 565 541 620 591; x_wconf 86' lang='lat' dir='ltr'><strong>iste</strong></span> <span class='ocrx_word' id='word_1_35' title='bbox 632 548 661 591; x_wconf 88' lang='lat' dir='ltr'><strong>te</strong></span> <span class='ocrx_word' id='word_1_36' title='bbox 672 542 846 605; x_wconf 69' lang='lat' dir='ltr'><strong>vituperante</strong></span> <span class='ocrx_word' id='word_1_37' title='bbox 856 537 952 589; x_wconf 87' lang='lat' dir='ltr'><strong>lauda-</strong></span> 
     </span>
     <span class='ocr_line' id='line_1_8' title="bbox 154 606 953 673; baseline -0.004 -15"><span class='ocrx_word' id='word_1_38' title='bbox 154 614 210 659; x_wconf 82' lang='lat' dir='ltr'><strong>tur.</strong></span> <span class='ocrx_word' id='word_1_39' title='bbox 237 607 282 657; x_wconf 49' lang='lat' dir='ltr'><strong>,lit</strong></span> <span class='ocrx_word' id='word_1_40' title='bbox 290 608 390 658; x_wconf 85' lang='lat' dir='ltr'><strong>melior</strong></span> <span class='ocrx_word' id='word_1_41' title='bbox 398 607 454 657; x_wconf 86' lang='lat' dir='ltr'><strong>iam</strong></span> <span class='ocrx_word' id='word_1_42' title='bbox 462 606 525 668; x_wconf 86' lang='lat' dir='ltr'><strong>ille,</strong></span> <span class='ocrx_word' id='word_1_43' title='bbox 536 608 584 672; x_wconf 88' lang='lat' dir='ltr'><strong>qui</strong></span> <span class='ocrx_word' id='word_1_44' title='bbox 592 606 725 667; x_wconf 86' lang='lat' dir='ltr'><strong>laudarit,</strong></span> <span class='ocrx_word' id='word_1_45' title='bbox 736 621 818 673; x_wconf 84' lang='lat' dir='ltr'><strong>quam</strong></span> <span class='ocrx_word' id='word_1_46' title='bbox 826 606 891 667; x_wconf 85' lang='lat' dir='ltr'><strong>iste,</strong></span> <span class='ocrx_word' id='word_1_47' title='bbox 905 606 953 671; x_wconf 88' lang='lat' dir='ltr'><strong>qui</strong></span> 
     </span>
     <span class='ocr_line' id='line_1_9' title="bbox 103 671 952 741; baseline -0.002 -16"><span class='ocrx_word' id='word_1_48' title='bbox 103 706 122 741; x_wconf 42' lang='lat' dir='ltr'><em>s</em></span> <span class='ocrx_word' id='word_1_49' title='bbox 156 672 286 725; x_wconf 85' lang='lat' dir='ltr'><strong>laudatus</strong></span> <span class='ocrx_word' id='word_1_50' title='bbox 305 680 357 724; x_wconf 77' lang='lat' dir='ltr'><strong>cst</strong></span> <span class='ocrx_word' id='word_1_51' title='bbox 388 672 437 730; x_wconf 81' lang='lat' dir='ltr'><strong>liii</strong></span> <span class='ocrx_word' id='word_1_52' title='bbox 455 675 528 723; x_wconf 88' lang='lat' dir='ltr'><strong>euim</strong></span> <span class='ocrx_word' id='word_1_53' title='bbox 537 674 650 739; x_wconf 71' lang='lat' dir='ltr'><strong>placuit</strong></span> <span class='ocrx_word' id='word_1_54' title='bbox 667 674 698 724; x_wconf 88' lang='lat' dir='ltr'><strong>in</strong></span> <span class='ocrx_word' id='word_1_55' title='bbox 715 671 827 724; x_wconf 82' lang='lat' dir='ltr'><strong>homine</strong></span> <span class='ocrx_word' id='word_1_56' title='bbox 847 672 952 723; x_wconf 84' lang='lat' dir='ltr'><strong>denum</strong></span> 
     </span>
     <span class='ocr_line' id='line_1_10' title="bbox 155 738 950 808; baseline -0.005 -15"><span class='ocrx_word' id='word_1_57' title='bbox 155 739 221 802; x_wconf 83' lang='lat' dir='ltr'><strong>Dei,</strong></span> <span class='ocrx_word' id='word_1_58' title='bbox 231 738 296 808; x_wconf 67' lang='lat' dir='ltr'><strong>[nuic</strong></span> <span class='ocrx_word' id='word_1_59' title='bbox 305 755 349 789; x_wconf 81' lang='lat' dir='ltr'><strong>aaa</strong></span> <span class='ocrx_word' id='word_1_60' title='bbox 368 738 423 790; x_wconf 83' lang='lat' dir='ltr'><strong>iius</strong></span> <span class='ocrx_word' id='word_1_61' title='bbox 431 739 537 805; x_wconf 75' lang='lat' dir='ltr'><strong>placuit</strong></span> <span class='ocrx_word' id='word_1_62' title='bbox 547 740 649 791; x_wconf 87' lang='lat' dir='ltr'><strong>denum</strong></span> <span class='ocrx_word' id='word_1_63' title='bbox 659 738 877 805; x_wconf 84' lang='lat' dir='ltr'><strong>homiuis‚quam</strong></span> <span class='ocrx_word' id='word_1_64' title='bbox 886 738 950 789; x_wconf 87' lang='lat' dir='ltr'><strong>Dei.</strong></span> 
     </span>
     <span class='ocr_line' id='line_1_11' title="bbox 207 804 951 873; baseline 0 -18"><span class='ocrx_word' id='word_1_65' title='bbox 207 805 237 855; x_wconf 82' lang='lat' dir='ltr'><strong>c.</strong></span> <span class='ocrx_word' id='word_1_66' title='bbox 252 805 334 855; x_wconf 80' lang='lat' dir='ltr'><strong>XXX</strong></span> <span class='ocrx_word' id='word_1_67' title='bbox 425 806 577 857; x_wconf 82' lang='lat' dir='ltr'><strong>Tentamur</strong></span> <span class='ocrx_word' id='word_1_68' title='bbox 589 804 632 857; x_wconf 79' lang='lat' dir='ltr'><strong>iris</strong></span> <span class='ocrx_word' id='word_1_69' title='bbox 647 806 847 859; x_wconf 81' lang='lat' dir='ltr'><strong>tentationibus</strong></span> <span class='ocrx_word' id='word_1_70' title='bbox 860 804 951 873; x_wconf 83' lang='lat' dir='ltr'><strong>quoti·</strong></span> 
     </span>
     <span class='ocr_line' id='line_1_12' title="bbox 154 870 1010 935; baseline -0.001 -12"><span class='ocrx_word' id='word_1_71' title='bbox 154 870 210 933; x_wconf 89' lang='lat' dir='ltr'><strong>die,</strong></span> <span class='ocrx_word' id='word_1_72' title='bbox 218 871 350 935; x_wconf 59' lang='lat' dir='ltr'><strong>Dumium</strong></span> <span class='ocrx_word' id='word_1_73' title='bbox 358 874 419 923; x_wconf 86' lang='lat' dir='ltr'><strong>siue</strong></span> <span class='ocrx_word' id='word_1_74' title='bbox 429 874 587 925; x_wconf 80' lang='lat' dir='ltr'><strong>cessatione</strong></span> <span class='ocrx_word' id='word_1_75' title='bbox 598 878 744 925; x_wconf 86' lang='lat' dir='ltr'><strong>tentamur.</strong></span> <span class='ocrx_word' id='word_1_76' title='bbox 780 872 952 933; x_wconf 67' lang='lat' dir='ltr'><strong>enuncians</strong></span> <span class='ocrx_word' id='word_1_77' title='bbox 1009 906 1010 913; x_wconf 20' lang='grc' dir='ltr'><strong>κ</strong></span> 
     </span>
     <span class='ocr_line' id='line_1_13' title="bbox 152 938 1010 1008; baseline -0.007 -14"><span class='ocrx_word' id='word_1_78' title='bbox 152 938 255 994; x_wconf 79' lang='lat' dir='ltr'><strong>fornax</strong></span> <span class='ocrx_word' id='word_1_79' title='bbox 266 946 364 991; x_wconf 87' lang='lat' dir='ltr'><strong>nostra</strong></span> <span class='ocrx_word' id='word_1_80' title='bbox 378 945 422 991; x_wconf 85' lang='lat' dir='ltr'><strong>est</strong></span> <span class='ocrx_word' id='word_1_81' title='bbox 430 938 549 992; x_wconf 81' lang='lat' dir='ltr'><strong>humana</strong></span> <span class='ocrx_word' id='word_1_82' title='bbox 558 942 661 1008; x_wconf 86' lang='lat' dir='ltr'><strong>lingua.</strong></span> <span class='ocrx_word' id='word_1_83' title='bbox 696 941 819 1006; x_wconf 82' lang='lat' dir='ltr'><strong>imperas</strong></span> <span class='ocrx_word' id='word_1_84' title='bbox 829 940 912 989; x_wconf 83' lang='lat' dir='ltr'><strong>nobis</strong></span> <span class='ocrx_word' id='word_1_85' title='bbox 922 944 950 989; x_wconf 86' lang='lat' dir='ltr'><strong>ct</strong></span> <span class='ocrx_word' id='word_1_86' title='bbox 1009 954 1010 997; x_wconf 56' lang='grc' dir='ltr'>ι</span> 
     </span>
     <span class='ocr_line' id='line_1_14' title="bbox 110 1004 1010 1087; baseline -0.002 -30"><span class='ocrx_word' id='word_1_87' title='bbox 110 1027 116 1039; x_wconf 82' lang='lat'>·</span> <span class='ocrx_word' id='word_1_88' title='bbox 153 1004 579 1087; x_wconf 66' lang='lat' dir='ltr'><strong>inhocgeuerecentinentiam.</strong></span> <span class='ocrx_word' id='word_1_89' title='bbox 608 1008 652 1059; x_wconf 87' lang='lat' dir='ltr'><strong>Da</strong></span> <span class='ocrx_word' id='word_1_90' title='bbox 662 1007 737 1074; x_wconf 85' lang='lat' dir='ltr'><strong>quod</strong></span> <span class='ocrx_word' id='word_1_91' title='bbox 747 1006 836 1067; x_wconf 89' lang='lat' dir='ltr'><strong>iubes,</strong></span> <span class='ocrx_word' id='word_1_92' title='bbox 847 1012 876 1057; x_wconf 86' lang='lat' dir='ltr'><strong>et</strong></span> <span class='ocrx_word' id='word_1_93' title='bbox 884 1005 949 1055; x_wconf 87' lang='lat' dir='ltr'><strong>iube</strong></span> <span class='ocrx_word' id='word_1_94' title='bbox 1009 1038 1010 1061; x_wconf 64' lang='lat'><strong>,</strong></span> 
     </span>
     <span class='ocr_line' id='line_1_15' title="bbox 155 1068 1010 1141; baseline -0.002 -18"><span class='ocrx_word' id='word_1_95' title='bbox 155 1075 230 1141; x_wconf 88' lang='lat' dir='ltr'><strong>quod</strong></span> <span class='ocrx_word' id='word_1_96' title='bbox 243 1089 295 1125; x_wconf 83' lang='lat' dir='ltr'><strong>ms.</strong></span> <span class='ocrx_word' id='word_1_97' title='bbox 330 1075 375 1125; x_wconf 85' lang='lat' dir='ltr'><strong>Tu</strong></span> <span class='ocrx_word' id='word_1_98' title='bbox 388 1077 463 1126; x_wconf 85' lang='lat' dir='ltr'><strong>nesti</strong></span> <span class='ocrx_word' id='word_1_99' title='bbox 477 1076 512 1127; x_wconf 90' lang='lat' dir='ltr'><strong>de</strong></span> <span class='ocrx_word' id='word_1_100' title='bbox 526 1073 617 1126; x_wconf 89' lang='lat' dir='ltr'><strong>haere</strong></span> <span class='ocrx_word' id='word_1_101' title='bbox 627 1074 700 1126; x_wconf 86' lang='lat' dir='ltr'><strong>adte</strong></span> <span class='ocrx_word' id='word_1_102' title='bbox 731 1074 845 1124; x_wconf 88' lang='lat' dir='ltr'><strong>emitum</strong></span> <span class='ocrx_word' id='word_1_103' title='bbox 855 1072 947 1125; x_wconf 87' lang='lat' dir='ltr'><strong>cordis</strong></span> <span class='ocrx_word' id='word_1_104' title='bbox 1009 1068 1010 1091; x_wconf 65' lang='lat'>¹</span> 
     </span>
     <span class='ocr_line' id='line_1_16' title="bbox 153 1136 947 1207; baseline -0.001 -17"><span class='ocrx_word' id='word_1_105' title='bbox 153 1141 222 1203; x_wconf 89' lang='lat' dir='ltr'><strong>mei,</strong></span> <span class='ocrx_word' id='word_1_106' title='bbox 238 1140 542 1193; x_wconf 83' lang='lat' dir='ltr'><strong>etiiumiuaecuiurum</strong></span> <span class='ocrx_word' id='word_1_107' title='bbox 551 1156 683 1193; x_wconf 84' lang='lat' dir='ltr'><strong>meorum.</strong></span> <span class='ocrx_word' id='word_1_108' title='bbox 745 1154 816 1207; x_wconf 84' lang='lat' dir='ltr'><strong>eque</strong></span> <span class='ocrx_word' id='word_1_109' title='bbox 827 1136 947 1191; x_wconf 82' lang='lat' dir='ltr'><strong>enirufa·</strong></span> 
     </span>
     <span class='ocr_line' id='line_1_17' title="bbox 154 1206 1010 1285; baseline -0.001 -29"><span class='ocrx_word' id='word_1_110' title='bbox 154 1206 208 1257; x_wconf 84' lang='lat' dir='ltr'><strong>eila</strong></span> <span class='ocrx_word' id='word_1_111' title='bbox 225 1207 344 1285; x_wconf 69' lang='lat' dir='ltr'><strong>colligo,</strong></span> <span class='ocrx_word' id='word_1_112' title='bbox 363 1223 445 1274; x_wconf 83' lang='lat' dir='ltr'><strong>quam</strong></span> <span class='ocrx_word' id='word_1_113' title='bbox 459 1210 513 1259; x_wconf 84' lang='lat' dir='ltr'><strong>aim</strong></span> <span class='ocrx_word' id='word_1_114' title='bbox 529 1207 563 1259; x_wconf 75' lang='lat' dir='ltr'><strong>ab</strong></span> <span class='ocrx_word' id='word_1_115' title='bbox 577 1209 632 1260; x_wconf 85' lang='lat' dir='ltr'><strong>ista</strong></span> <span class='ocrx_word' id='word_1_116' title='bbox 641 1213 719 1276; x_wconf 86' lang='lat' dir='ltr'><strong>peste</strong></span> <span class='ocrx_word' id='word_1_117' title='bbox 729 1206 900 1268; x_wconf 76' lang='lat' dir='ltr'><strong>mundatior,</strong></span> <span class='ocrx_word' id='word_1_118' title='bbox 919 1210 947 1255; x_wconf 86' lang='lat' dir='ltr'><strong>et</strong></span> <span class='ocrx_word' id='word_1_119' title='bbox 1009 1220 1010 1263; x_wconf 55' lang='grc' dir='ltr'>ξ</span> 
     </span>
     <span class='ocr_line' id='line_1_18' title="bbox 152 1272 1010 1337; baseline 0 -14"><span class='ocrx_word' id='word_1_120' title='bbox 152 1272 269 1323; x_wconf 85' lang='lat' dir='ltr'><strong>multum</strong></span> <span class='ocrx_word' id='word_1_121' title='bbox 287 1278 374 1323; x_wconf 78' lang='lat' dir='ltr'><strong>timeo</strong></span> <span class='ocrx_word' id='word_1_122' title='bbox 392 1276 503 1325; x_wconf 86' lang='lat' dir='ltr'><strong>occulta</strong></span> <span class='ocrx_word' id='word_1_123' title='bbox 518 1288 593 1337; x_wconf 88' lang='lat' dir='ltr'><strong>mea,</strong></span> <span class='ocrx_word' id='word_1_124' title='bbox 632 1290 683 1327; x_wconf 86' lang='lat' dir='ltr'><strong>uas</strong></span> <span class='ocrx_word' id='word_1_125' title='bbox 698 1280 799 1325; x_wconf 87' lang='lat' dir='ltr'><strong>norunt</strong></span> <span class='ocrx_word' id='word_1_126' title='bbox 810 1274 886 1323; x_wconf 82' lang='lat' dir='ltr'><strong>oculi</strong></span> <span class='ocrx_word' id='word_1_127' title='bbox 895 1274 945 1334; x_wconf 84' lang='lat' dir='ltr'><strong>tui,</strong></span> <span class='ocrx_word' id='word_1_128' title='bbox 1009 1272 1010 1291; x_wconf 66' lang='lat'>¹</span> 
     </span>
     <span class='ocr_line' id='line_1_19' title="bbox 152 1292 946 1457; baseline 0.001 -69"><span class='ocrx_word' id='word_1_129' title='bbox 152 1338 209 1388; x_wconf 84' lang='lat' dir='ltr'><strong>mci</strong></span> <span class='ocrx_word' id='word_1_130' title='bbox 219 1343 387 1411; x_wconf 83' lang='lat' dir='ltr'><strong>autemnon.</strong></span> <span class='ocrx_word' id='word_1_131' title='bbox 421 1339 474 1390; x_wconf 79' lang='lat' dir='ltr'><strong>list</strong></span> <span class='ocrx_word' id='word_1_132' title='bbox 484 1342 558 1391; x_wconf 90' lang='lat' dir='ltr'><strong>enim</strong></span> <span class='ocrx_word' id='word_1_133' title='bbox 569 1292 776 1457; x_wconf 48' lang='lat' dir='ltr'><strong>quaiiscumffue</strong></span> <span class='ocrx_word' id='word_1_134' title='bbox 787 1339 816 1389; x_wconf 88' lang='lat' dir='ltr'><strong>in</strong></span> <span class='ocrx_word' id='word_1_135' title='bbox 827 1338 891 1391; x_wconf 88' lang='lat' dir='ltr'><strong>aliis</strong></span> <span class='ocrx_word' id='word_1_136' title='bbox 900 1352 946 1405; x_wconf 84' lang='lat' dir='ltr'><strong>ge·</strong></span> 
     </span>
     <span class='ocr_line' id='line_1_20' title="bbox 152 1404 945 1476; baseline 0.001 -22"><span class='ocrx_word' id='word_1_137' title='bbox 152 1404 266 1455; x_wconf 86' lang='lat' dir='ltr'><strong>neribus</strong></span> <span class='ocrx_word' id='word_1_138' title='bbox 273 1406 458 1455; x_wconf 86' lang='lat' dir='ltr'><strong>tentationum</strong></span> <span class='ocrx_word' id='word_1_139' title='bbox 467 1405 536 1457; x_wconf 85' lang='lat' dir='ltr'><strong>mihi</strong></span> <span class='ocrx_word' id='word_1_140' title='bbox 545 1408 665 1459; x_wconf 75' lang='lat' dir='ltr'><strong>facultas</strong></span> <span class='ocrx_word' id='word_1_141' title='bbox 677 1422 728 1476; x_wconf 83' lang='lat' dir='ltr'><strong>exp</strong></span> <span class='ocrx_word' id='word_1_142' title='bbox 741 1407 841 1457; x_wconf 87' lang='lat' dir='ltr'><strong>orandi</strong></span> <span class='ocrx_word' id='word_1_143' title='bbox 850 1420 907 1468; x_wconf 86' lang='lat' dir='ltr'><strong>me;</strong></span> <span class='ocrx_word' id='word_1_144' title='bbox 917 1406 945 1455; x_wconf 92' lang='lat' dir='ltr'><strong>iu</strong></span> 
     </span>
     <span class='ocr_line' id='line_1_21' title="bbox 153 1470 944 1542; baseline 0.003 -20"><span class='ocrx_word' id='word_1_145' title='bbox 153 1470 208 1524; x_wconf 88' lang='lat' dir='ltr'><strong>hoe</strong></span> <span class='ocrx_word' id='word_1_146' title='bbox 220 1486 309 1538; x_wconf 84' lang='lat' dir='ltr'><strong>paene</strong></span> <span class='ocrx_word' id='word_1_147' title='bbox 322 1473 400 1523; x_wconf 88' lang='lat' dir='ltr'><strong>nulia</strong></span> <span class='ocrx_word' id='word_1_148' title='bbox 408 1480 462 1526; x_wconf 85' lang='lat' dir='ltr'><strong>est.</strong></span> <span class='ocrx_word' id='word_1_149' title='bbox 495 1473 566 1527; x_wconf 84' lang='lat' dir='ltr'><strong>Nam</strong></span> <span class='ocrx_word' id='word_1_150' title='bbox 578 1482 606 1526; x_wconf 86' lang='lat' dir='ltr'><strong>ct</strong></span> <span class='ocrx_word' id='word_1_151' title='bbox 617 1474 833 1542; x_wconf 83' lang='lat' dir='ltr'><strong>areluptatibus</strong></span> <span class='ocrx_word' id='word_1_152' title='bbox 844 1473 944 1534; x_wconf 72' lang='lat' dir='ltr'><strong>carreis,</strong></span> 
     </span>
     <span class='ocr_line' id='line_1_22' title="bbox 153 1540 943 1609; baseline -0.001 -18"><span class='ocrx_word' id='word_1_153' title='bbox 153 1545 215 1593; x_wconf 71' lang='lat' dir='ltr'><strong>eta</strong></span> <span class='ocrx_word' id='word_1_154' title='bbox 232 1540 394 1591; x_wconf 74' lang='lat' dir='ltr'><strong>curiositate</strong></span> <span class='ocrx_word' id='word_1_155' title='bbox 412 1555 619 1608; x_wconf 82' lang='lat' dir='ltr'><strong>supervacanea</strong></span> <span class='ocrx_word' id='word_1_156' title='bbox 631 1541 833 1609; x_wconf 80' lang='lat' dir='ltr'><strong>cognoscendi,</strong></span> <span class='ocrx_word' id='word_1_157' title='bbox 853 1541 943 1601; x_wconf 81' lang='lat' dir='ltr'><strong>rideo,</strong></span> 
     </span>
     <span class='ocr_line' id='line_1_23' title="bbox 151 1607 942 1675; baseline -0.001 -18"><span class='ocrx_word' id='word_1_158' title='bbox 151 1613 283 1674; x_wconf 83' lang='lat' dir='ltr'><strong>quantum</strong></span> <span class='ocrx_word' id='word_1_159' title='bbox 292 1607 440 1659; x_wconf 82' lang='lat' dir='ltr'><strong>adsecutus</strong></span> <span class='ocrx_word' id='word_1_160' title='bbox 450 1611 502 1660; x_wconf 83' lang='lat' dir='ltr'><strong>sim</strong></span> <span class='ocrx_word' id='word_1_161' title='bbox 511 1623 596 1675; x_wconf 85' lang='lat' dir='ltr'><strong>posse</strong></span> <span class='ocrx_word' id='word_1_162' title='bbox 607 1608 749 1660; x_wconf 82' lang='lat' dir='ltr'><strong>refrenare</strong></span> <span class='ocrx_word' id='word_1_163' title='bbox 760 1611 881 1660; x_wconf 77' lang='lat' dir='ltr'><strong>anianum</strong></span> <span class='ocrx_word' id='word_1_164' title='bbox 890 1620 942 1657; x_wconf 88' lang='lat' dir='ltr'><strong>me·</strong></span> 
     </span>
     <span class='ocr_line' id='line_1_24' title="bbox 151 1673 943 1738; baseline -0.003 -14"><span class='ocrx_word' id='word_1_165' title='bbox 151 1689 209 1736; x_wconf 91' lang='lat' dir='ltr'><strong>um,</strong></span> <span class='ocrx_word' id='word_1_166' title='bbox 229 1688 291 1725; x_wconf 87' lang='lat' dir='ltr'><strong>cum</strong></span> <span class='ocrx_word' id='word_1_167' title='bbox 301 1675 343 1725; x_wconf 87' lang='lat' dir='ltr'><strong>eis</strong></span> <span class='ocrx_word' id='word_1_168' title='bbox 351 1675 435 1726; x_wconf 87' lang='lat' dir='ltr'><strong>rebus</strong></span> <span class='ocrx_word' id='word_1_169' title='bbox 446 1691 542 1738; x_wconf 70' lang='lat' dir='ltr'><strong>emen,</strong></span> <span class='ocrx_word' id='word_1_170' title='bbox 552 1677 597 1727; x_wconf 89' lang='lat' dir='ltr'><strong>vel</strong></span> <span class='ocrx_word' id='word_1_171' title='bbox 608 1677 762 1736; x_wconf 82' lang='lat' dir='ltr'><strong>voluntate,</strong></span> <span class='ocrx_word' id='word_1_172' title='bbox 772 1674 817 1725; x_wconf 80' lang='lat' dir='ltr'><strong>vel</strong></span> <span class='ocrx_word' id='word_1_173' title='bbox 828 1690 890 1726; x_wconf 90' lang='lat' dir='ltr'><strong>cum</strong></span> <span class='ocrx_word' id='word_1_174' title='bbox 899 1673 943 1724; x_wconf 87' lang='lat' dir='ltr'><strong>ab·</strong></span> 
     </span>
     <span class='ocr_line' id='line_1_25' title="bbox 149 1741 942 1810; baseline 0.001 -21"><span class='ocrx_word' id='word_1_175' title='bbox 149 1746 223 1790; x_wconf 89' lang='lat' dir='ltr'><strong>sunt.</strong></span> <span class='ocrx_word' id='word_1_176' title='bbox 257 1741 418 1793; x_wconf 87' lang='lat' dir='ltr'><strong>Tuueeuim</strong></span> <span class='ocrx_word' id='word_1_177' title='bbox 427 1746 637 1810; x_wconf 82' lang='lat' dir='ltr'><strong>meinterrogo,</strong></span> <span class='ocrx_word' id='word_1_178' title='bbox 657 1758 737 1810; x_wconf 88' lang='lat' dir='ltr'><strong>quam</strong></span> <span class='ocrx_word' id='word_1_179' title='bbox 746 1741 835 1807; x_wconf 75' lang='lat' dir='ltr'><strong>magis</strong></span> <span class='ocrx_word' id='word_1_180' title='bbox 845 1742 942 1794; x_wconf 78' lang='lat' dir='ltr'><strong>mium·</strong></span> 
     </span>
     <span class='ocr_line' id='line_1_26' title="bbox 149 1804 942 1866; baseline -0.001 -10"><span class='ocrx_word' id='word_1_181' title='bbox 149 1820 184 1856; x_wconf 84' lang='lat' dir='ltr'><strong>ve</strong></span> <span class='ocrx_word' id='word_1_182' title='bbox 202 1804 270 1856; x_wconf 88' lang='lat' dir='ltr'><strong>mihi</strong></span> <span class='ocrx_word' id='word_1_183' title='bbox 287 1807 436 1860; x_wconf 87' lang='lat' dir='ltr'><strong>molestum</strong></span> <span class='ocrx_word' id='word_1_184' title='bbox 453 1810 491 1861; x_wconf 88' lang='lat' dir='ltr'><strong>sit</strong></span> <span class='ocrx_word' id='word_1_185' title='bbox 510 1825 566 1860; x_wconf 85' lang='lat' dir='ltr'><strong>nrm</strong></span> <span class='ocrx_word' id='word_1_186' title='bbox 585 1809 697 1861; x_wconf 87' lang='lat' dir='ltr'><strong>habere.</strong></span> <span class='ocrx_word' id='word_1_187' title='bbox 730 1807 854 1860; x_wconf 75' lang='lat' dir='ltr'><strong>Divitiae</strong></span> <span class='ocrx_word' id='word_1_188' title='bbox 868 1819 942 1866; x_wconf 78' lang='lat' dir='ltr'><strong>vero,</strong></span> 
     </span>
     <span class='ocr_line' id='line_1_27' title="bbox 150 1871 941 1941; baseline -0.001 -19"><span class='ocrx_word' id='word_1_189' title='bbox 150 1886 221 1938; x_wconf 80' lang='lat' dir='ltr'><strong>quae</strong></span> <span class='ocrx_word' id='word_1_190' title='bbox 231 1872 267 1923; x_wconf 90' lang='lat' dir='ltr'><strong>ob</strong></span> <span class='ocrx_word' id='word_1_191' title='bbox 278 1871 332 1924; x_wconf 86' lang='lat' dir='ltr'><strong>hue</strong></span> <span class='ocrx_word' id='word_1_192' title='bbox 342 1882 552 1941; x_wconf 82' lang='lat' dir='ltr'><strong>expetuntur,ut</strong></span> <span class='ocrx_word' id='word_1_193' title='bbox 560 1877 645 1930; x_wconf 85' lang='lat' dir='ltr'><strong>alicui</strong></span> <span class='ocrx_word' id='word_1_194' title='bbox 654 1877 769 1928; x_wconf 86' lang='lat' dir='ltr'><strong>istarum</strong></span> <span class='ocrx_word' id='word_1_195' title='bbox 779 1874 864 1924; x_wconf 87' lang='lat' dir='ltr'><strong>trium</strong></span> <span class='ocrx_word' id='word_1_196' title='bbox 871 1872 941 1938; x_wconf 89' lang='lat' dir='ltr'><strong>cupi-</strong></span> 
     </span>
     <span class='ocr_line' id='line_1_28' title="bbox 150 1937 942 2006; baseline -0.001 -18"><span class='ocrx_word' id='word_1_197' title='bbox 150 1937 280 2001; x_wconf 79' lang='lat' dir='ltr'><strong>ditatum,</strong></span> <span class='ocrx_word' id='word_1_198' title='bbox 290 1941 336 1990; x_wconf 83' lang='lat' dir='ltr'><strong>vei</strong></span> <span class='ocrx_word' id='word_1_199' title='bbox 346 1941 452 1994; x_wconf 87' lang='lat' dir='ltr'><strong>duabus</strong></span> <span class='ocrx_word' id='word_1_200' title='bbox 462 1958 570 2006; x_wconf 83' lang='lat' dir='ltr'><strong>earum,</strong></span> <span class='ocrx_word' id='word_1_201' title='bbox 581 1943 626 1994; x_wconf 84' lang='lat' dir='ltr'><strong>vel</strong></span> <span class='ocrx_word' id='word_1_202' title='bbox 637 1944 763 1996; x_wconf 86' lang='lat' dir='ltr'><strong>omnibus</strong></span> <span class='ocrx_word' id='word_1_203' title='bbox 773 1940 907 2000; x_wconf 80' lang='lat' dir='ltr'><strong>serviant,</strong></span> <span class='ocrx_word' id='word_1_204' title='bbox 918 1937 942 1988; x_wconf 82' lang='lat' dir='ltr'><strong>si</strong></span> 
     </span>
     <span class='ocr_line' id='line_1_29' title="bbox 148 2004 942 2075; baseline 0.001 -22"><span class='ocrx_word' id='word_1_205' title='bbox 148 2006 353 2070; x_wconf 75' lang='lat' dir='ltr'><strong>persentiscere</strong></span> <span class='ocrx_word' id='word_1_206' title='bbox 366 2022 422 2060; x_wconf 89' lang='lat' dir='ltr'><strong>nou</strong></span> <span class='ocrx_word' id='word_1_207' title='bbox 434 2016 529 2075; x_wconf 84' lang='lat' dir='ltr'><strong>petest</strong></span> <span class='ocrx_word' id='word_1_208' title='bbox 541 2011 660 2074; x_wconf 76' lang='lat' dir='ltr'><strong>aninrus,</strong></span> <span class='ocrx_word' id='word_1_209' title='bbox 679 2016 770 2062; x_wconf 86' lang='lat' dir='ltr'><strong>utrum</strong></span> <span class='ocrx_word' id='word_1_210' title='bbox 779 2021 828 2064; x_wconf 80' lang='lat' dir='ltr'><strong>eas</strong></span> <span class='ocrx_word' id='word_1_211' title='bbox 838 2004 942 2058; x_wconf 82' lang='lat' dir='ltr'><strong>habens</strong></span> 
     </span>
     <span class='ocr_line' id='line_1_30' title="bbox 148 2071 941 2144; baseline 0 -22"><span class='ocrx_word' id='word_1_212' title='bbox 148 2075 810 2144; x_wconf 83' lang='lat' dir='ltr'><strong>contemnat,pessuutctdimitti,utseprobet.</strong></span> <span class='ocrx_word' id='word_1_213' title='bbox 846 2071 941 2124; x_wconf 82' lang='lat' dir='ltr'><strong>Laude</strong></span> 
     </span>
     <span class='ocr_line' id='line_1_31' title="bbox 147 2140 940 2210; baseline 0.006 -24"><span class='ocrx_word' id='word_1_214' title='bbox 147 2151 215 2189; x_wconf 80' lang='lat' dir='ltr'><strong>veru</strong></span> <span class='ocrx_word' id='word_1_215' title='bbox 225 2143 257 2188; x_wconf 89' lang='lat' dir='ltr'><strong>ut</strong></span> <span class='ocrx_word' id='word_1_216' title='bbox 266 2152 419 2203; x_wconf 84' lang='lat' dir='ltr'><strong>careamus,</strong></span> <span class='ocrx_word' id='word_1_217' title='bbox 429 2148 458 2192; x_wconf 87' lang='lat' dir='ltr'><strong>at</strong></span> <span class='ocrx_word' id='word_1_218' title='bbox 478 2156 512 2193; x_wconf 92' lang='lat' dir='ltr'><strong>ue</strong></span> <span class='ocrx_word' id='word_1_219' title='bbox 523 2143 552 2194; x_wconf 90' lang='lat' dir='ltr'><strong>in</strong></span> <span class='ocrx_word' id='word_1_220' title='bbox 565 2159 598 2195; x_wconf 87' lang='lat' dir='ltr'><strong>eo</strong></span> <span class='ocrx_word' id='word_1_221' title='bbox 610 2145 793 2210; x_wconf 81' lang='lat' dir='ltr'><strong>experiamur,</strong></span> <span class='ocrx_word' id='word_1_222' title='bbox 803 2140 870 2208; x_wconf 88' lang='lat' dir='ltr'><strong>quid</strong></span> <span class='ocrx_word' id='word_1_223' title='bbox 880 2155 940 2206; x_wconf 85' lang='lat' dir='ltr'><strong>pes·</strong></span> 
     </span>
     <span class='ocr_line' id='line_1_32' title="bbox 148 2157 940 2274; baseline 0.003 -20"><span class='ocrx_word' id='word_1_224' title='bbox 148 2203 260 2255; x_wconf 81' lang='lat' dir='ltr'><strong>sumusi</strong></span> <span class='ocrx_word' id='word_1_225' title='bbox 280 2203 419 2273; x_wconf 88' lang='lat' dir='ltr'><strong>Numquid</strong></span> <span class='ocrx_word' id='word_1_226' title='bbox 428 2157 500 2261; x_wconf 56' lang='lat' dir='ltr'><strong>maie</strong></span> <span class='ocrx_word' id='word_1_227' title='bbox 508 2211 656 2263; x_wconf 80' lang='lat' dir='ltr'><strong>vivendum</strong></span> <span class='ocrx_word' id='word_1_228' title='bbox 667 2215 718 2272; x_wconf 88' lang='lat' dir='ltr'><strong>est,</strong></span> <span class='ocrx_word' id='word_1_229' title='bbox 728 2215 758 2260; x_wconf 90' lang='lat' dir='ltr'><strong>et</strong></span> <span class='ocrx_word' id='word_1_230' title='bbox 766 2215 823 2260; x_wconf 83' lang='lat' dir='ltr'><strong>tam</strong></span> <span class='ocrx_word' id='word_1_231' title='bbox 833 2207 940 2274; x_wconf 87' lang='lat' dir='ltr'><strong>perdita</strong></span> 
     </span>
     <span class='ocr_line' id='line_1_33' title="bbox 147 2272 940 2341; baseline 0.005 -20"><span class='ocrx_word' id='word_1_232' title='bbox 147 2277 231 2338; x_wconf 87' lang='lat' dir='ltr'><strong>atque</strong></span> <span class='ocrx_word' id='word_1_233' title='bbox 241 2272 407 2337; x_wconf 84' lang='lat' dir='ltr'><strong>immaniter,</strong></span> <span class='ocrx_word' id='word_1_234' title='bbox 414 2282 445 2328; x_wconf 93' lang='lat' dir='ltr'><strong>ut</strong></span> <span class='ocrx_word' id='word_1_235' title='bbox 455 2292 537 2330; x_wconf 85' lang='lat' dir='ltr'><strong>neme</strong></span> <span class='ocrx_word' id='word_1_236' title='bbox 548 2294 599 2329; x_wconf 86' lang='lat' dir='ltr'><strong>nos</strong></span> <span class='ocrx_word' id='word_1_237' title='bbox 609 2277 730 2338; x_wconf 85' lang='lat' dir='ltr'><strong>noverit,</strong></span> <span class='ocrx_word' id='word_1_238' title='bbox 744 2276 793 2341; x_wconf 89' lang='lat' dir='ltr'><strong>qui</strong></span> <span class='ocrx_word' id='word_1_239' title='bbox 802 2291 858 2326; x_wconf 90' lang='lat' dir='ltr'><strong>nou</strong></span> <span class='ocrx_word' id='word_1_240' title='bbox 866 2275 940 2326; x_wconf 83' lang='lat' dir='ltr'><strong>dete·</strong></span> 
     </span>
     <span class='ocr_line' id='line_1_34' title="bbox 148 2339 939 2408; baseline 0 -20"><span class='ocrx_word' id='word_1_241' title='bbox 148 2339 253 2392; x_wconf 74' lang='lat' dir='ltr'><strong>staturi</strong></span> <span class='ocrx_word' id='word_1_242' title='bbox 265 2339 342 2400; x_wconf 78' lang='lat' dir='ltr'><strong>Quae</strong></span> <span class='ocrx_word' id='word_1_243' title='bbox 352 2343 440 2392; x_wconf 86' lang='lat' dir='ltr'><strong>maior</strong></span> <span class='ocrx_word' id='word_1_244' title='bbox 449 2339 939 2408; x_wconf 74' lang='lat' dir='ltr'><strong>dementiadiciautcegitaripotasti</strong></span> 
     </span>
     <span class='ocr_line' id='line_1_35' title="bbox 146 2406 972 2476; baseline 0.001 -22"><span class='ocrx_word' id='word_1_245' title='bbox 146 2406 316 2458; x_wconf 69' lang='lat' dir='ltr'><strong>stationae</strong></span> <span class='ocrx_word' id='word_1_246' title='bbox 326 2407 940 2476; x_wconf 84' lang='lat' dir='ltr'><strong>vitaebonorumqueoperumcomesetsolet</strong></span> <span class='ocrx_word' id='word_1_247' title='bbox 967 2427 972 2436; x_wconf 88' lang='lat'><strong>·</strong></span> 
     </span>
     <span class='ocr_line' id='line_1_36' title="bbox 148 2472 940 2542; baseline 0.003 -22"><span class='ocrx_word' id='word_1_248' title='bbox 148 2479 178 2521; x_wconf 85' lang='lat' dir='ltr'><strong>et</strong></span> <span class='ocrx_word' id='word_1_249' title='bbox 193 2472 278 2524; x_wconf 85' lang='lat' dir='ltr'><strong>debet</strong></span> <span class='ocrx_word' id='word_1_250' title='bbox 294 2484 356 2524; x_wconf 82' lang='lat' dir='ltr'><strong>esse</strong></span> <span class='ocrx_word' id='word_1_251' title='bbox 369 2475 505 2539; x_wconf 85' lang='lat' dir='ltr'><strong>laudatio,</strong></span> <span class='ocrx_word' id='word_1_252' title='bbox 523 2483 580 2527; x_wconf 88' lang='lat' dir='ltr'><strong>tam</strong></span> <span class='ocrx_word' id='word_1_253' title='bbox 595 2477 755 2527; x_wconf 82' lang='lat' dir='ltr'><strong>comitatum</strong></span> <span class='ocrx_word' id='word_1_254' title='bbox 768 2476 842 2538; x_wconf 87' lang='lat' dir='ltr'><strong>eius,</strong></span> <span class='ocrx_word' id='word_1_255' title='bbox 862 2488 940 2542; x_wconf 87' lang='lat' dir='ltr'><strong>quam</strong></span> 
     </span>
     <span class='ocr_line' id='line_1_37' title="bbox 144 2537 940 2608; baseline 0.004 -22"><span class='ocrx_word' id='word_1_256' title='bbox 144 2537 235 2602; x_wconf 85' lang='lat' dir='ltr'><strong>ipsam</strong></span> <span class='ocrx_word' id='word_1_257' title='bbox 248 2541 348 2592; x_wconf 84' lang='lat' dir='ltr'><strong>bonam</strong></span> <span class='ocrx_word' id='word_1_258' title='bbox 358 2544 442 2593; x_wconf 85' lang='lat' dir='ltr'><strong>vitam</strong></span> <span class='ocrx_word' id='word_1_259' title='bbox 452 2543 545 2594; x_wconf 87' lang='lat' dir='ltr'><strong>deseri</strong></span> <span class='ocrx_word' id='word_1_260' title='bbox 555 2558 610 2594; x_wconf 87' lang='lat' dir='ltr'><strong>non</strong></span> <span class='ocrx_word' id='word_1_261' title='bbox 621 2549 742 2608; x_wconf 81' lang='lat' dir='ltr'><strong>eportet</strong></span> <span class='ocrx_word' id='word_1_262' title='bbox 775 2539 841 2592; x_wconf 89' lang='lat' dir='ltr'><strong>Non</strong></span> <span class='ocrx_word' id='word_1_263' title='bbox 851 2548 940 2593; x_wconf 87' lang='lat' dir='ltr'><strong>autem</strong></span> 
     </span>
     <span class='ocr_line' id='line_1_38' title="bbox 148 2605 1009 2676; baseline 0.007 -25"><span class='ocrx_word' id='word_1_264' title='bbox 148 2605 380 2675; x_wconf 57' lang='lat' dir='ltr'><strong>remissiusque</strong></span> <span class='ocrx_word' id='word_1_265' title='bbox 391 2623 453 2660; x_wconf 86' lang='lat' dir='ltr'><strong>esse</strong></span> <span class='ocrx_word' id='word_1_266' title='bbox 462 2615 512 2659; x_wconf 83' lang='lat' dir='ltr'><strong>aut</strong></span> <span class='ocrx_word' id='word_1_267' title='bbox 521 2623 611 2676; x_wconf 86' lang='lat' dir='ltr'><strong>aeque</strong></span> <span class='ocrx_word' id='word_1_268' title='bbox 622 2609 777 2672; x_wconf 83' lang='lat' dir='ltr'><strong>auimo,aut</strong></span> <span class='ocrx_word' id='word_1_269' title='bbox 785 2621 871 2676; x_wconf 79' lang='lat' dir='ltr'><strong>aegre</strong></span> <span class='ocrx_word' id='word_1_270' title='bbox 879 2621 939 2674; x_wconf 86' lang='lat' dir='ltr'><strong>pes·</strong></span> <span class='ocrx_word' id='word_1_271' title='bbox 1008 2611 1009 2614; x_wconf 78' lang='grc'>’</span> 
     </span>
    </p>
   </div>
   <div class='ocr_carea' id='block_1_5' title="bbox 0 0 1030 2925">
    <p class='ocr_par' dir='ltr' id='par_1_5' title="bbox 0 0 1030 2925">
     <span class='ocr_line' id='line_1_39' title="bbox 0 0 1030 2925; baseline 0 4"><span class='ocrx_word' id='word_1_272' title='bbox 0 0 1030 2925; x_wconf 95' lang='lat' dir='ltr'><strong> </strong></span> 
     </span>
    </p>
   </div>
  </div>
 </body>
</html>
