2050 2925
151 132 184 182 14
307 120 310 125 ¹
342 125 511 181 nulium!
529 126 756 181 AUGUSTlNl

148 231 209 297 qais
228 242 284 279 non
302 214 409 293 videat,
430 230 495 309 quid
504 238 693 295 responsurus
708 230 756 290 sit,
777 230 824 295 qui
837 237 955 280 nonest

147 296 257 363 penitus
278 296 382 347 oblitus
401 297 459 347 sart
477 296 630 346 Peocabam
644 311 712 363 ergo
724 310 807 362 puer,
827 304 888 347 cum
901 296 954 345 illa

126 401 128 404 v
147 364 241 413 inania
251 363 313 415 istis
324 360 483 413 utilioribus
498 377 593 413 amore
607 363 825 429 praeponebam,
843 362 889 413 rel
903 377 953 429 po-

148 431 203 481 tius
221 431 277 481 ista
291 431 419 491 oderam,
437 428 488 479 illa
503 430 637 481 amabam.
672 430 729 480 lam
744 444 811 480 vero
826 445 909 481 unum
924 435 956 479 et

148 512 232 548 unum
247 498 317 566 duo,
329 496 386 545 duo
402 501 431 545 et
446 495 500 562 duo
515 502 647 562 quatuor,
663 496 763 548 odiosa
776 496 869 547 cantio
884 494 955 545 nnilri

150 572 221 627 erat3
240 571 269 631 et
291 556 481 613 dulcissimum
503 562 692 629 spectaculum
713 562 844 614 vanitatis
866 578 956 629 equus

102 670 106 683 ,
150 631 261 698 ligneus
274 630 373 697 plenus
387 631 513 693 innatis,
530 637 559 680 et
571 630 675 681 Troiae
685 630 856 692 incendium,
871 634 956 698 atque

149 694 485 765 ipsiusumbracreusae.

163 771 168 785 ¹
201 764 230 814 G.
248 760 322 813 XlV.
359 762 414 813 Cor
429 762 643 831 ergoGraec'am
654 764 737 814 etiem
748 762 956 833 grammaticam

153 830 268 881 (aeleram¹
285 828 354 879 talia
369 830 541 881 cantantemi
558 829 676 898 Namfet
688 828 828 881 Homerus
846 830 956 897 peritus
1014 885 1015 900 χ

150 904 248 947 texere
255 894 329 946 tales
336 894 469 959 labellos,
481 904 509 947 ct
519 897 682 949 dulcissime
689 905 776 949 vanus
787 903 839 959 est,
850 896 958 949 etmihi

151 970 244 1013 tamen
264 962 461 1022 'amarussserst
482 978 580 1031 puero.
616 962 707 1015 credo
731 966 815 1015 etiam
840 962 958 1015 Graecis
1014 983 1016 1014 i

151 1030 245 1097 pueris
253 1026 390 1099 Virgilius
396 1032 437 1081 ita
444 1032 489 1093 sit,
497 1045 559 1081 cum
568 1045 630 1081 eum
639 1032 681 1084 sic
690 1031 800 1083 discere
811 1038 959 1099 comuntur,

151 1104 183 1148 ut
192 1110 246 1165 ego
257 1098 344 1149 illam.
363 1096 503 1149 Videlicet
513 1098 674 1159 menites,
685 1098 833 1149 difficultas
845 1100 958 1148 omnino

152 1164 323 1218 ediscendae
337 1165 501 1231 peregrinae
515 1164 650 1230 linguae,
666 1166 746 1229 quasi
763 1164 831 1217 felle
846 1164 959 1231 adsper-

152 1230 238 1309 gebat
251 1240 346 1279 ornnes
363 1230 515 1279 suavitates
527 1229 650 1281 Graecas
658 1230 855 1282 'fabulosarum
864 1247 959 1282 narra·

152 1304 267 1347 t1onum.
302 1294 387 1345 Nulla
406 1295 479 1348 enini
497 1295 584 1344 verba
596 1296 647 1345 illa
658 1310 803 1359 noveram,
824 1305 854 1348 et
866 1300 959 1350 saevis

119 1375 122 1383 “
152 1360 307 1411 terroribus
322 1376 354 1410 ee
364 1360 475 1425 poenis,
491 1365 643 1411 utnossem
649 1397 657 1422 ,
670 1359 826 1412 instabatur
834 1364 905 1416 mihi
914 1382 959 1416 se-

152 1426 304 1479 hemcnter.
339 1426 410 1478 Nam
426 1433 455 1477 et
464 1424 565 1478 Latina
576 1427 724 1495 aliquando
736 1428 958 1500 (infamatione)

152 1495 230 1546 nulla
244 1508 388 1558 noveram3
408 1503 437 1544 et
448 1501 541 1544 tamen
552 1495 722 1547 advertendo
733 1495 819 1548 didici
829 1499 890 1551 sine
899 1501 958 1550 ullo

153 1568 229 1613 metu
243 1569 325 1630 atque
340 1563 477 1624 cruciatu,
491 1562 566 1612 inter
578 1563 662 1613 etiam
673 1561 864 1616 blandimenta
872 1567 959 1622 nutri·

153 1639 228 1693 cum,
249 1637 278 1681 et
295 1630 360 1681 ioca
373 1627 569 1693 arridentium,
588 1636 617 1681 et
630 1631 753 1682 laetitias
766 1632 957 1685 alludentium.

151 1697 247 1749 Didici
260 1712 327 1749 vero
342 1696 393 1748 illa
408 1698 468 1750 sine
482 1697 595 1763 poenali
610 1713 695 1749 onere
707 1700 880 1766 urgentium,
897 1717 959 1752 cum

153 1771 374 1832 meurgeretcor
383 1779 474 1816 meum
484 1763 520 1814 ad
529 1765 663 1831 parienda
673 1773 876 1833 e‘onceptasua,
885 1783 957 1836 quae

153 1847 209 1883 non
242 1845 347 1893 ossem,
362 1832 417 1882 nisi
430 1831 616 1896 aliquaverba
626 1832 799 1897 didicissem,
816 1849 872 1886 non
882 1849 899 1885 a
908 1836 958 1886 do·

154 1845 294 1959 cernuatus,
310 1895 358 1946 sed
374 1913 390 1946 a
402 1897 595 1964 loquentibus,
610 1896 639 1948 in
653 1916 770 1966 quorum
784 1907 813 1952 et
821 1916 874 1968 ego
886 1903 959 1953 auri·

37 2017 40 2026 ¹
105 1988 108 1993 ·
152 1956 205 2014 bus
230 1963 417 2028 parturiebam
438 1961 573 2028 quidquid
594 1968 757 2025 sentiebam.
791 1969 866 2018 Hinc
890 1969 958 2020 satis

155 2030 255 2090 elucet,
267 2029 400 2078 nlaiorcm
411 2026 513 2078 habere
524 2029 579 2078 rim
590 2031 625 2082 ad
636 2033 769 2087 discenda
777 2035 833 2086 ista
841 2035 959 2088 liberam

154 2094 358 2156 curiositatem,
370 2107 450 2158 quam
459 2095 652 2150 meticulosam
662 2103 866 2154 necessitatem.
903 2103 960 2156 Sed

153 2160 230 2211 illius
240 2157 342 2210 fluxum
353 2157 422 2212 haec
431 2163 575 2230 restringit
583 2165 692 2233 legibus
702 2169 772 2232 tuis,
784 2167 878 2232 Deus,
887 2169 959 2238 legi-

152 2227 204 2277 bus
220 2227 275 2277 tm's
290 2241 308 2275 a
319 2241 364 2278 ma
386 2227 516 2280 'strorum
528 2229 627 2284 ferulis
643 2251 730 2302 usque
743 2236 778 2286 ad
789 2237 959 2290 tentationes

153 2300 318 2360 martyrum,
337 2309 371 2346 va
383 2297 492 2347 entibus
503 2298 612 2366 legibus
627 2305 682 2352 tuis
696 2303 814 2354 miscere
832 2304 960 2356 salubres

155 2360 366 2425 amaritudines,
381 2370 544 2416 revocantes
561 2381 611 2417 nos
622 2369 657 2419 ad
666 2374 719 2419 tea
727 2371 902 2424 iocunditate
913 2389 959 2441 pe-

155 2428 265 2492 stifera,
282 2444 335 2496 qua
347 2431 515 2483 recessimus
525 2446 542 2482 a
551 2439 588 2482 te.

206 2497 236 2548 C.
255 2496 315 2549 XV.
351 2495 473 2561 Exaudi,
483 2497 612 2561 Domine,
624 2499 848 2568 deprecationem
859 2520 959 2570 meam,

155 2581 189 2618 ne
201 2565 312 2618 deficiat
322 2563 414 2616 aninia
422 2579 485 2617 mea
495 2564 545 2617 sub
557 2566 703 2633 discipline
712 2575 773 2633 tua,
790 2586 881 2638 neque
892 2572 959 2623 deii·
1014 2570 1015 2625 ζ

156 2635 226 2686 ciam
240 2636 278 2700 ,in
298 2631 457 2687 confitendo
477 2631 529 2682 tibi
546 2633 740 2686 miserationes
758 2645 835 2699 tuas,
858 2639 958 2706 quibus
