2050 2925
152 86 202 139 Ylss
344 83 511 145 sensuli
527 82 751 139 AUGUSTlNl

153 188 288 249 dicerem,
307 187 342 237 ad
355 202 390 239 es
400 202 493 239 rerum
506 200 610 253 genera
622 182 762 252 portinere
775 181 947 237 benedictio·

152 267 216 303 nem
227 252 311 316 hanc,
327 268 398 321 quae
411 254 552 321 gignendo
567 267 602 303 ex
614 256 703 303 semet
714 248 783 313 ipsis
790 265 949 319 ,propemo-

151 325 210 382 tur,
224 321 249 371 si
262 334 324 371 eam
334 322 487 386 reperirem
498 320 528 369 in
541 318 674 379 arbustis,
690 321 718 366 et
727 314 870 380 frutectis,
885 318 949 367 etin

151 387 299 451 pecoribus
317 392 418 437 terroe.
453 386 532 437 Nune
547 392 638 436 autem
651 398 703 435 nec
718 379 811 435 herbis
826 391 855 435 et
867 385 947 450 lignis

137 451 330 515 dictumest,
349 468 401 504 nec
421 453 520 504 bestiis
540 458 569 503 et
588 450 775 517 serpentibus:
797 450 906 501 crescite
924 456 947 499 et

91 544 104 555 ·
151 518 363 585 multiplicamini
364 535 379 579 ,·
395 534 457 569 curn
467 517 537 569 haee
547 533 656 584 quoque
667 515 848 576 omniu,sicut
858 518 946 581 pisces

152 591 182 635 et
192 599 259 635 aves
272 592 301 635 et
313 583 452 646 homines,
472 584 613 650 gignendo
624 588 791 649 augeantur,
806 596 944 649 genusque

153 652 319 703 custodiant.
355 650 427 711 Quin
439 651 528 716 igitur
541 650 642 711 dicam,
656 650 750 700 lumen
763 662 867 711 meum,
879 648 944 699 veri·

151 722 204 777 tes,
214 717 279 782 quia
288 722 368 766 vacat
377 716 443 778 hoe,
455 716 520 782 quia
528 717 649 767 meister
657 717 698 767 ita
707 714 811 765 dietum
822 714 880 767 esti
895 713 944 765 Ne·

117 844 120 851 ¹
151 791 298 847 qusquam,
320 788 398 849 pater
409 785 536 849 pietatis,
551 782 640 844 absit,
654 789 685 833 ut
698 780 753 833 hoo
766 780 841 841 dicat
851 794 944 832 servus

150 847 229 899 serbi
240 850 289 899 tui.
324 848 361 900 lit
370 849 396 899 si
406 863 459 916 ego
470 864 527 900 non
536 849 625 900 intelli
646 864 678 911 o,
690 847 761 914 qiud
771 847 825 899 hoc
836 848 942 913 eloquio

133 932 135 940 ¹
151 915 472 981 significes,utentureo
482 915 581 966 melios
592 930 634 965 me
649 915 735 977 ores,
745 914 775 965 id
785 920 837 976 est,
846 912 942 968 intelli·

151 984 305 1097 gentiores,
315 996 397 1048 quam
407 998 460 1049 ego
471 998 540 1044 suns,
551 982 698 1048 unicuique
710 987 840 1047 quantum
850 992 941 1047 sapere

171 1049 269 1110 edisti,
282 1047 364 1099 Deus
387 1064 474 1100 meus.
509 1048 624 1099 Placeat
645 1053 738 1099 autem
759 1054 788 1098 et
807 1045 940 1097 confessio

150 1128 214 1165 mee
232 1130 326 1165 coram
344 1116 434 1167 oculis
446 1116 516 1177 tuis,
536 1130 589 1182 qua
601 1115 652 1165 tibi
666 1112 815 1175 confiteor,
834 1113 942 1164 credere

149 1193 208 1241 me,
217 1180 349 1242 Domine,
363 1197 419 1232 non
431 1184 571 1233 ineassum
583 1192 612 1232 te
623 1183 663 1233 ita
673 1181 796 1233 locutum
807 1194 883 1242 esse3
899 1192 941 1227 ne·

150 1259 205 1310 que
214 1247 318 1308 silebo,
331 1248 407 1312 quod
415 1246 484 1299 milri
493 1248 623 1299 lectionis
636 1246 717 1298 lunius
728 1248 840 1297 occasio
848 1246 941 1311 subge-

149 1311 195 1361 rit.
230 1310 334 1362 Verum
348 1321 392 1363 est
404 1316 491 1375 eninr,
502 1328 558 1364 nee
571 1314 667 1376 video,
683 1313 749 1379 quid
762 1312 894 1379 impediat
906 1312 942 1361 ita

149 1390 194 1427 me
213 1377 318 1429 sentire
337 1377 414 1429 dieta
431 1380 551 1446 figmata
568 1380 704 1431 librorum
721 1387 842 1431 tuorum.
876 1377 941 1429 Nori

150 1446 237 1508 enim,
250 1444 442 1512 multipliciter
454 1446 608 1514 signiumri
621 1461 794 1514 percorpus,
808 1446 883 1513 quod
891 1458 940 1496 uno

151 1512 235 1563 modo
252 1518 344 1564 mente
363 1514 543 1581 intelligitur,
560 1522 589 1564 et
601 1514 791 1580 multipliciter
803 1519 894 1564 mente
906 1515 942 1562 in·

150 1579 254 1645 telligi,
269 1580 342 1645 qood
353 1595 408 1630 uno
417 1581 501 1632 modo
511 1595 562 1646 per
572 1595 672 1646 corpus
682 1581 863 1648 significatur.
896 1579 942 1628 Ec·
995 1645 996 1650 Ἰ

150 1659 183 1695 ce
194 1646 311 1712 simplex
324 1646 438 1697 dileetio
449 1645 504 1714 liei
515 1653 543 1710 et
552 1649 684 1712 proximi,
700 1661 781 1713 quem
791 1647 943 1712 multiplici·

150 1711 202 1762 bus
221 1716 413 1775 sacramentis,
433 1719 462 1764 et
481 1713 726 1764 innumerabilibus
745 1713 863 1779 linguis,
879 1718 906 1763 et
918 1712 942 1760 in

151 1777 942 1911 il?{euidentiorilitiiiii‘itiisil·

151 1917 248 1960 cannen
271 1910 364 1962 foetus
386 1926 526 1979 aquarum.
561 1911 685 1963 Adtende
703 1915 804 1964 iterum
823 1912 883 1979 quis
903 1913 942 1962 uis

73 1996 75 2000 ·
150 1971 220 2025 haee
238 1976 319 2042 legis.
353 1977 426 2030 Ecce
445 1977 521 2045 qood
538 1993 593 2029 uno
607 1980 690 2030 modo
705 1979 870 2046 scripturae
894 1985 941 2038 ert,

151 2047 180 2092 et
198 2057 253 2093 vox
270 2051 415 2108 personat:
433 2044 463 2094 ἐκ
476 2043 611 2111 principio
623 2041 783 2114 seritDesss
801 2045 900 2096 codsa
918 2051 941 2094 et

151 2115 263 2170 terrem,
283 2123 374 2160 nonne
392 2110 583 2177 multiplieiter
603 2111 784 2178 intelligitur,
803 2127 860 2164 non
873 2125 941 2162 erro·

150 2189 211 2225 rum
229 2174 355 2236 fallacia,
374 2176 425 2227 sed
437 2191 564 2228 serarum
577 2177 825 2244 intelligentiarum
838 2177 940 2245 generi·

150 2241 217 2292 busl
234 2242 275 2293 lta
293 2251 413 2294 crescunt
426 2251 454 2294 et
463 2242 675 2310 multiplicantur
687 2244 782 2296 foetus
795 2243 938 2297 hominum.

149 2307 245 2374 ltaque
264 2308 290 2360 si
305 2315 418 2374 naturas
435 2311 511 2374 ipses
530 2325 622 2360 rerum
639 2326 695 2362 non
708 2311 875 2378 allegorice,
893 2309 938 2362 sed

149 2376 260 2440 proprie
271 2377 437 2441 cogitemus,
452 2375 602 2438 adomnia,
616 2383 688 2443 quae
699 2378 733 2429 de
744 2378 892 2429 seminibus
902 2379 939 2444 gi·

149 2447 279 2552 {nenton
289 2443 418 2492 convenit
427 2442 551 2492 verbum:
569 2443 680 2496 crescite
688 2452 715 2495 et
723 2443 937 2511 multiplicemini.

170 2504 179 2551 i
192 2512 283 2556 autem
297 2507 414 2572 figurate
423 2507 516 2572 posita
525 2509 579 2558 ista
588 2515 753 2574 tractemus,
766 2513 840 2578 quod
851 2511 938 2577 potius

148 2568 268 2622 arbitror
279 2572 432 2624 intendisse
445 2574 620 2640 scripturam,
640 2589 710 2643 quae
723 2579 818 2644 utique
831 2593 886 2630 non
898 2593 937 2629 su·

147 2881 204 2888 ..a-—
