2050 2925
61 493 66 497 ’
150 504 225 551 rum,
236 489 302 557 quid
310 489 408 551 molle,
428 488 494 555 quid
504 487 624 539 calidum
637 486 816 554 frigidumve,

152 124 201 177 ro
361 120 526 210 sunnon
542 81 802 187 nucusrnus

124 226 126 229 ’
151 240 205 293 que
219 238 314 274 omnes
328 224 438 275 colores
448 222 610 291 formaeque
620 234 767 289 corporum
776 234 826 287 per
836 218 959 283 oculos;

150 305 200 359 per
218 305 299 341 aures
315 296 407 341 autern
422 291 515 340 omnia
524 303 627 357 genera
636 302 779 350 sonorum3
797 300 959 353 omnesque
1021 320 1022 359 ἕ

151 357 253 408 odores
271 359 322 423 pe'r
340 355 444 407 aditum
461 358 581 419 narinm3
600 368 749 419 omnesque
769 368 886 420 sapores
901 366 958 419 per
1021 364 1022 423 i

151 425 209 474 oris
219 422 334 485 aditum3
354 438 371 473 a
382 436 466 473 sensu
475 428 569 473 antem
577 422 665 472 totius
676 422 811 487 corporis,
823 420 893 537 puisi
904 419 957 469 du·
1021 430 1022 467 i

840 500 893 537 ene
904 492 958 536 aut

128 613 132 623 ἱ
151 569 395 621 asperum‚grarc
414 568 465 605 seu
483 553 557 617 leve,
577 555 636 605 sire
650 556 823 605 extrinsecus
837 554 899 604 sive
913 554 957 603 in-

151 624 290 673 trinsecus
308 620 428 688 corpori.
462 620 542 671 Haec
561 622 653 671 omnia
671 620 772 685 recipit
789 619 958 681 recolenda,
1021 626 1022 675 ss

152 702 216 739 curn
235 702 304 754 opus
316 694 371 749 est,
390 693 419 737 et
430 686 608 737 retractanda
620 686 734 752 grandis
745 688 897 737 memoriae
910 699 957 736 re·
1021 708 1022 749 3

153 768 263 815 cessus,
278 759 307 803 et
319 755 414 817 nescio
429 756 476 819 qui
489 752 593 804 secreti
606 758 689 817 atque
702 750 860 804 ineffabiles
875 755 956 803 sinus
1021 750 1022 805 i

58 821 66 827 '
153 822 228 882 eius,
248 833 319 886 quae
337 820 431 870 omnia
449 820 507 877 suis
527 833 597 886 quae
615 833 655 869 ne
672 818 782 869 foribus
795 820 903 869 intrant
918 818 957 869 ad

153 900 213 937 eam
218 921 226 948 ,
246 892 275 935 et
286 892 457 952 reponuntur
468 888 498 936 in
511 900 553 937 ea.
569 933 572 937 ,
615 900 650 935 ec
659 887 722 951 ipsa
732 889 825 935 tamen
838 886 956 946 intrant,

153 953 205 1003 sed
213 966 306 1003 rerum
315 966 458 1005 sensarum
466 954 601 1019 imagines
610 952 670 1003 illic
679 957 790 1018 praesto
801 958 866 1003 sunt
877 953 956 1018 cogi·

153 1021 256 1071 tationi
266 1019 457 1074 reminiscenti
467 1031 524 1069 eas.
560 1018 637 1079 Quae
668 1018 787 1069 uomodo
798 1017 956 1085 fabricatae

155 1085 219 1149 sint,
228 1087 291 1153 quis
301 1083 378 1147 dicit,
387 1100 448 1135 cum
458 1085 598 1152 adpareat,
628 1086 663 1149 ui
677 1100 708 1135 us
720 1084 846 1136 sensibus
856 1091 956 1151 raptae

155 1155 225 1214 sint,
239 1154 413 1217 interiusque
424 1151 602 1202 reconditae!
645 1166 689 1203 am
704 1157 733 1201 et
741 1151 769 1201 in
778 1148 904 1202 tenebris
914 1158 956 1201 at·
1021 1172 1022 1185 π

154 1220 248 1284 quein
258 1219 371 1269 silentio
382 1218 446 1267 dum
456 1216 564 1280 habito,
577 1218 606 1267 in
615 1218 820 1268 memoriamea
828 1216 955 1285 profero,

154 1286 180 1341 si
193 1284 271 1346 volo,
286 1284 409 1343 colores,
423 1289 452 1333 et
467 1282 595 1334 discerno
610 1284 685 1333 inter
696 1283 787 1337 album
797 1289 826 1333 et
834 1286 955 1351 nigrum,

148 1349 185 1399 'et
202 1352 275 1401 inter
294 1363 363 1416 qnos
382 1348 454 1400 alios
472 1349 550 1412 rolo;
569 1363 620 1399 nec
638 1350 781 1400 incurrunt
792 1352 857 1401 soni
870 1357 955 1417 atque
1021 1394 1022 1413 ,

155 1416 326 1484 perturbantj
337 1415 411 1482 quod
420 1428 470 1483 per
480 1415 578 1467 oculos
587 1413 715 1468 haustum
724 1416 882 1480 considero,
893 1432 955 1470 oum
1021 1414 1022 1425 ¹

156 1489 185 1532 et
203 1483 257 1548 ipsi
274 1481 315 1532 ibi
332 1486 400 1545 siut,
419 1489 448 1533 et
466 1483 546 1550 quasi
564 1497 690 1534 seorsum
706 1485 824 1550 repositi
837 1485 953 1544 lateant.

155 1547 225 1600 Nam
244 1554 273 1600 et
284 1549 362 1616 ipsos
375 1563 475 1614 posco,
496 1551 520 1600 si
534 1549 637 1615 placet,
657 1555 739 1616 atque
753 1550 853 1602 adsunt
865 1551 952 1602 illico.

155 1615 365 1684 Fit-quiescente
378 1615 474 1682 lingua
486 1631 519 1666 ac
532 1615 632 1667 silente
667 1623 759 1670 utture
773 1623 855 1668 canto
869 1633 952 1684 quan-

155 1687 214 1732 tuni
231 1684 311 1746 volo,
329 1685 519 1750 imaginesque
536 1683 602 1733 illae
621 1631 757 1746 cofforum,
781 1699 851 1751 quae
864 1683 952 1736 nihilo

155 1752 245 1800 minus
258 1749 299 1800 ibi
309 1756 383 1811 sunt,
398 1765 453 1800 non
463 1764 493 1800 se
504 1751 694 1815 interponunt,
708 1765 798 1816 neque
807 1753 951 1802 interrum-

154 1823 234 1882 punt,
246 1832 307 1866 cum
315 1815 461 1866 thesaurus
472 1815 543 1867 alius
552 1821 730 1879 retractatur,
742 1819 789 1884 qui
798 1817 907 1869 induxit
915 1819 951 1870 ab

156 1885 278 1934 auribus.
313 1882 356 1933 lta
371 1888 494 1944 coetera,
514 1897 584 1948 quae
597 1897 648 1950 per
660 1897 757 1934 sensus
771 1890 898 1936 caeteros
910 1885 950 1934 in·
1021 1931 1022 1942 ,

155 1955 326 2028 gestamque
338 1946 558 2028 congemuerit,
572 1950 718 2028 recordor,
733 1958 815 2067 prout
823 1951 903 2002 libet:
922 1958 951 2002 et

154 2029 249 2080 auram
267 2015 398 2065 liliorum*
407 2016 536 2068 discerno
550 2030 570 2066 a
579 2017 661 2067 vioiis
674 2014 732 2068 nihi

757 2015 903 2079 olfaciens3
922 2023 963 2070 et.
1021 2047 1022 2068 ι

154 2080 210 2129 1ncl
219 2079 339 2141 defruto,
353 2080 416 2130 ienc
427 2094 539 2147 aspero,
558 2080 702 2134 nihiltunc
713 2083 850 2150 gustando
860 2098 948 2150 neque
1021 2091 1022 2104 ¹

155 2147 367 2207 contrectando,
395 2147 445 2197 sed
466 2149 668 2199 reminiscendo
690 2156 839 2215 antepono.
873 2149 949 2200 lntus
1021 2159 1022 2168 ¹

155 2209 224 2262 hoec
238 2227 292 2278 ago
306 2197 334 2262 in
344 2212 408 2262 aula
419 2215 526 2280 ingenti
539 2217 689 2266 memoriae
703 2229 791 2267 meae.
824 2213 869 2268 ibi
879 2215 948 2269 enim
1021 2215 1022 2264 i

154 2277 221 2329 mihi
229 2279 337 2329 coelum
344 2285 372 2328 et
380 2284 457 2329 terra
466 2285 494 2330 et
503 2295 579 2332 mare
589 2288 700 2348 praesto
711 2288 784 2345 sunt,
793 2297 855 2333 cunr
866 2285 948 2334 omni·

154 2342 219 2406 bus,
230 2346 338 2412 quaein
349 2346 390 2396 eis
400 2349 504 2398 sentire
513 2350 602 2413 potui,
612 2355 723 2414 praeter
731 2349 789 2411 illa,
801 2363 871 2416 quae
882 2349 947 2399 obli·
1021 2369 1022 2384 2

153 2415 199 2460 tus
218 2426 287 2462 sum.
322 2413 364 2462 lbi
383 2418 412 2461 et
428 2413 488 2478 ipse
501 2412 570 2464 mihi
585 2429 713 2475 occurro,
732 2428 831 2482 meque
844 2415 947 2478 recolo,

108 2496 113 2499 ·
154 2476 229 2541 quid,
241 2479 360 2545 quondo,
371 2484 399 2528 et
410 2480 456 2528 ubi
467 2481 580 2545 egerim,
592 2495 701 2546 quoque
712 2480 804 2543 modo,
815 2495 877 2532 cum
886 2496 948 2560 agc-

116 2591 119 2596 ,
153 2553 224 2603 rem,
245 2543 371 2595 adfectus
389 2543 498 2594 fuerim.
533 2544 575 2596 lbi
595 2554 658 2596 sunt
677 2548 781 2608 omnia,
801 2561 871 2612 quae
891 2561 948 2597 sire

153 2615 268 2674 experta
280 2625 361 2674 ame,
370 2612 430 2662 sive
441 2611 548 2662 credita
557 2614 677 2666 memini.
710 2613 752 2664 Ex
762 2613 859 2668 eadem
870 2616 949 2683 eopia
