2050 2925
64 70 68 75 ’
141 78 173 127 ro
337 63 759 153 nuuuunau'cusrrur
814 73 818 82 “

139 177 225 236 mine,
235 174 371 225 memorie
380 174 426 225 vel
435 165 588 239 ingenium,
597 185 668 238 quae
678 187 730 223 nos
739 166 953 223 babererolui·
1011 215 1012 238 ,

138 243 176 293 eti
193 256 244 307 pro
265 240 315 291 illa
335 248 428 291 aetate
446 240 529 300 satim
547 238 772 292 seidelectabat
784 237 896 289 luderet
916 245 954 289 et
1011 253 1012 260 ¹

138 307 331 357 vindicabatur
344 308 374 357 in
387 322 439 357 nris
453 305 556 367 abeis,
569 307 617 371 quii
626 306 696 357 tolie
705 306 802 371 utique
811 304 952 371 agebant.

138 373 195 427 Sed
217 374 353 425 maiorum
375 386 466 439 nugae
489 374 606 443 negotia
623 378 770 423 vocantur:
793 385 953 437 puerorum

138 448 231 493 eutem
240 441 310 492 talia
320 454 381 493 cum
391 439 614 503 siubpuniuutur
623 452 640 488 a
648 439 814 500 nraiuribus3
825 444 952 488 ctuemo

137 509 287 559 ruiseratur
297 519 413 573 pueros,
428 505 473 556 vel
482 505 561 569 illos,
571 505 618 557 vel
627 511 762 571 utrosque
809 504 952 555 oisivero

137 574 275 641 eripiebat
294 573 438 639 quisquam
457 571 549 624 bonus
563 583 656 621 rerum
675 572 780 623 arbiter
796 570 953 637 vapulasse

137 655 195 703 me,
210 641 276 707 quia
288 638 417 690 ludebam
430 638 489 704 pila
500 652 585 704 puer,
599 643 628 689 et
641 652 676 690 eo
686 637 754 691 ludo
763 636 953 703 impediebar,

159 722 194 758 uo
208 706 299 757 minus
316 705 447 759 celeriter
460 705 599 757 discerem
612 704 725 766 literas,
741 704 840 771 quibus
853 704 952 755 maior
1011 723 1012 728 ¹

139 723 293 825 flefurmius
307 771 443 823 luderem:
463 778 510 828 aut
524 771 602 823 aliud
614 771 738 824 faciebat
750 770 825 822 idem
838 772 915 838 ipse,
929 785 952 822 a

159 854 195 890 uo
208 838 384 904 vapulabam
399 840 447 905 qui
456 838 481 889 si
490 840 520 889 in
530 838 625 905 aliqua
633 838 846 904 quaestiuncula
855 852 953 887 acuu-

140 856 257 958 floctore
277 919 329 959 suo
347 906 438 959 uictus
457 913 546 966 essct,
565 906 655 971 magis
673 905 731 957 bile
745 912 829 970 atque
841 902 953 955 invidia

139 977 327 1040 torqueretur,
337 988 417 1039 quam
426 986 491 1039 ogo,
499 987 562 1027 cum
570 972 600 1026 in
611 973 762 1024 certamine
771 972 846 1038 pilae
856 985 874 1022 a
882 983 952 1023 eou-

142 1040 483 1107 luaoremeosuperabar.
677 1057 680 1063 ·
716 1044 722 1049 ’

175 1106 223 1167 ,6.
240 1107 275 1165 X.
310 1106 623 1173 Ettameupeocabam,
635 1104 757 1158 Domine
767 1103 858 1166 Dens,
873 1102 951 1153 omii-

139 1178 221 1225 nator
231 1179 260 1225 et
269 1179 380 1225 creator
391 1176 512 1225 omnium
522 1187 614 1225 rerum
625 1172 804 1233 naturalium,
817 1177 951 1237 peccato·

139 1254 200 1291 rum
215 1248 310 1289 autem
322 1245 429 1290 tantum
444 1238 598 1289 ordinator.
632 1237 753 1289 Domine
766 1237 845 1287 Deus
859 1250 950 1298 meus,

138 1305 289 1375 peccabam
311 1303 441 1355 iaciendo
465 1310 565 1354 eontra
584 1309 736 1369 praecepta
752 1309 902 1368 pareutum
918 1310 948 1355 et

140 1368 338 1438 nragistrorrim
358 1370 479 1423 illorum
516 1368 649 1421 Poteram
667 1368 741 1420 enim
758 1374 860 1435 postea
877 1371 949 1423 bene

140 1438 184 1492 uti
203 1436 307 1500 literis,
326 1452 396 1504 quas
414 1434 548 1488 volebant
565 1442 598 1488 ut
616 1435 754 1488 discerem
774 1449 948 1505 quocumque

141 1504 360 1558 enimoillimei.
379 1502 442 1554 Nun
450 1504 524 1556 enim
533 1503 653 1556 meliora
663 1503 774 1570 eligens
782 1503 948 1558 inobediens

141 1587 230 1634 eram,
255 1569 305 1624 sed
324 1586 418 1624 amore
437 1571 567 1634 ludendi,
584 1585 681 1623 amans
700 1571 730 1622 ir
749 1573 948 1622 certaminibus

141 1640 275 1708 superbas
288 1639 436 1702 uictorias,
450 1645 478 1690 et
492 1638 582 1706 scalpi
595 1652 677 1689 aures
686 1652 763 1691 meus
772 1637 853 1689 falsis
861 1637 938 1690 fabul

140 1708 190 1772 lis,
206 1723 260 1774 quo
275 1708 417 1774 prurirent
428 1703 582 1763 ardentius,
599 1705 698 1758 eedem
712 1705 936 1758 curiositatem

142 1777 186 1842 gis
205 1774 350 1840 magisque
365 1789 414 1841 per
426 1773 525 1824 oerrlos
539 1772 676 1824 emicante
688 1772 719 1822 in
732 1772 893 1838 spectacula
904 1773 944 1824 lu·

143 1843 249 1906 duoque
260 1841 408 1902 urniorum,
420 1853 490 1904 quos
499 1846 593 1892 tamen
603 1839 652 1905 qul
662 1838 758 1901 edunt,
767 1853 802 1889 ea
811 1837 946 1905 dignitate

141 1905 946 1974 praeditiexeelluut,uthocpaeneomnesoptentparvulis

142 1974 214 2026 suist
244 1967 945 2038 uostamenuoeditibeotorpstiuotur,sispectacu-

142 2039 177 2090 lis
188 1986 291 2090 titilius
301 2035 617 2100 impedianturaetudio,
641 2052 734 2090 uoeos
744 2039 945 2091 aeltalieeden·

144 2101 462 2170 docupiuotpervenire.
479 2101 624 2168 videtete,
655 2106 945 2167 ominemisericortli·

142 2177 231 2234 temet
241 2169 390 2220 liberamus
401 2169 456 2219 iam
465 2169 628 2223 invocantes
638 2179 682 2235 te3
692 2172 782 2223 libers
792 2173 877 2223 etiam
887 2187 945 2234 eos,

143 2239 190 2306 qui
200 2236 354 2288 nondumtc
364 2234 542 2300 invocant,ut
550 2237 876 2301 invocentte,ot1ibores
886 2254 944 2291 eos.

195 2303 224 2356 C.
244 2302 291 2354 Xl.
312 2303 474 2357 >Audieram
493 2305 567 2358 enim
583 2319 638 2372 ego
656 2304 830 2373 adbucpuer
843 2306 946 2358 devita

145 2379 259 2424 aeterna
281 2370 362 2423 nobis
385 2372 525 2440 promista
555 2385 606 2438 per
624 2369 811 2428 humilitatem
833 2371 945 2424 Domini

144 2439 199 2492 Del
212 2440 314 2502 riustri,
334 2438 530 2498 descendentis
544 2438 580 2490 aei
593 2437 751 2503 superbiam
760 2444 900 2502 *nostram
918 2448 946 2490 et

145 2504 945 2574 signabariamsignocruciseius,etcundiebareiessale,

146 2573 271 2630 laurinde
282 2575 316 2628 ab
327 2581 406 2638 utero
417 2574 513 2628 olatiis
524 2572 945 2639 meae,quaomult1msperavit
1011 2590 1012 2613 o
