2050 2925
157 134 215 186 'lbi
361 128 771 185 AURELIIAUGUSTINI
891 188 896 195 ¹

164 251 245 304 quam
268 236 329 301 ipse
352 249 409 285 non
430 232 605 298 condiderat,
631 232 807 283 adimeretur
833 230 969 281 materia.

164 302 247 353 Talia
263 301 409 353 volvebam
426 306 539 367 pectore
557 300 673 361 misero,
692 297 866 365 ingravidato
890 298 969 347 curis

164 369 383 419 mordacissimis
406 366 439 417 de
461 368 562 417 timore
583 368 695 427 mortis,
722 370 752 415 ct
771 378 826 415 non
847 366 969 414 inventa

164 438 290 495 veritate.
327 433 470 486 stabiliter
486 438 579 483 tomen
592 430 725 483 haerebat
740 432 769 481 in
787 430 873 481 cordo
890 444 968 491 meo,

164 504 194 553 io
216 500 355 552 catholica
377 499 497 552 ecclesia
513 498 584 549 iides
604 497 708 549 Christi
726 498 780 559 tui,
799 496 918 547 Domini
938 503 969 545 et

165 568 318 628 Salratoris
325 567 434 628 nostri,
446 567 476 615 in
488 565 583 616 multis
597 564 707 631 quidem
720 562 809 615 adbuc
821 562 966 622 informis,

165 640 195 685 et
206 640 322 702 praeter
340 633 484 683 doctrinae
503 646 627 683 nommm
646 630 769 693 fluitans3
798 630 849 679 sed
868 636 965 679 tamen

166 716 227 753 eom
235 716 291 752 non
299 699 371 749 rolin
389 698 474 761 nebat
482 700 603 761 anbnus,
616 698 672 750 imo
685 698 715 749 in
728 697 789 748 dies
801 697 894 762 magis
907 706 965 747 ura·

165 714 453 834 ςνίιιῳιὲὶιιιὶνίὶιοῗπιι.ν
517 804 519 823 ,
704 813 714 822 ,

215 835 245 883 C.
262 832 310 884 Vl.
345 831 403 883 lom
417 833 500 882 etiam
521 828 776 881 mathematicorum
789 827 908 879 fallaces
923 828 964 879 di·

163 900 320 950 vinationes
340 904 369 964 et
378 900 461 963 impio
477 898 660 949 deliramenta
668 897 832 947 sciscerent.
857 894 964 945 ,Conti-

163 973 276 1017 teantur
289 967 373 1017 etiam
386 962 450 1015 binc
463 966 516 1016 tibi
529 964 563 1015 de
573 964 678 1015 intimis
687 964 840 1013 visceribus
851 963 962 1011 animae

163 1046 243 1083 meae
255 1034 449 1083 miserationes
462 1037 540 1093 tuae,
554 1028 631 1080 Deus
646 1043 733 1079 meus.
768 1030 812 1079 To
827 1030 916 1089 enim,
929 1034 963 1077 tu

165 1101 278 1151 onrnino
292 1100 367 1160 (nam
383 1100 444 1165 quis
458 1096 529 1148 alius
543 1101 657 1147 amorte
669 1097 756 1146 obruis
766 1096 870 1147 erroris
881 1108 962 1145 revo-

165 1171 211 1215 cat
220 1181 282 1226 nos,
291 1168 347 1216 nisi
355 1167 420 1225 vita,
427 1178 497 1229 quae
506 1164 579 1213 niori
588 1163 685 1223 nescit,
697 1166 725 1211 ct
735 1162 962 1227 sopientimmen-

163 1237 208 1281 tes
217 1230 375 1297 indigentes
384 1229 551 1290 illuminans,
558 1228 634 1279 nullo
645 1228 773 1293 indigens
783 1228 897 1289 lumine,
909 1241 963 1293 qua

163 1296 281 1349 mundus
304 1296 513 1345 administratur
531 1295 673 1361 usquead
692 1295 821 1345 arborum
840 1294 963 1345 volatica

163 1360 266 1423 follei)
284 1367 316 1410 tu
326 1361 483 1427 procurasti
492 1362 664 1425 pervicaciae
675 1374 762 1422 meae,
773 1374 828 1425 qua
838 1360 962 1411 oblucta-

164 1433 209 1478 tus
224 1441 285 1478 sum
297 1426 472 1488 vindiciano,
486 1432 568 1478 scuto
580 1429 654 1489 seni,
669 1433 697 1478 et
706 1425 854 1488 Nebridio,
868 1426 961 1478 adole·

164 1496 255 1553 sconti
267 1495 402 1545 mirabilis
416 1495 536 1545 animae:
555 1494 598 1545 illi
608 1493 786 1544 vehementer
795 1493 961 1554 adfirmanti,

164 1549 960 1628 baiocumdubitationequidemaliquo,sedtamencrebro

139 1629 143 1634 ’
165 1626 281 1691 dicenti,
300 1644 355 1679 non
368 1641 431 1678 esse
444 1627 521 1679 illam
533 1625 643 1694 [ullam]
656 1633 743 1677 artem
753 1626 848 1677 futura
856 1628 961 1693 praesi-

164 1694 259 1758 dendi3
270 1697 443 1748 coniecturas
453 1700 546 1744 autem
555 1692 694 1746 bominum
705 1691 807 1745 babere
817 1707 901 1759 saepe
908 1694 961 1743 rim

164 1765 262 1823 sortis,
279 1767 307 1812 et
320 1762 407 1817 multa
420 1762 539 1813 dicendo
553 1761 609 1828 dici
621 1761 753 1827 pleraque
767 1766 896 1821 ventura,
915 1773 960 1809 ne·

164 1829 317 1885 scientibus
328 1829 376 1879 eis
398 1829 571 1889 didicerem,
583 1829 673 1878 sedin
683 1840 781 1877 canon
791 1827 911 1876 tacendo
921 1827 959 1876 in·
1022 1843 1023 1880 l

165 1890 349 1945 currentibus.
408 1896 546 1946 rocurasti
560 1908 627 1960 ergo
644 1890 958 1952 tubominemamicum,
1022 1929 1023 1954 ,

163 1973 221 2009 uon
238 1961 348 2025 quidem
367 1973 481 2025 segnem
493 1956 959 2019 consultoremmatbematicorum,

163 2038 274 2076 neceas
283 2025 380 2076 literas
389 2026 461 2078 bene
471 2026 682 2088 callentem,sed
692 2025 956 2088 (utdixiloonsulto

163 2103 223 2140 rem
242 2092 394 2152 curiosum,
413 2097 551 2142 ettamen
570 2095 704 2144 scientem
721 2092 838 2158 aliquid,
858 2091 959 2158 quoda
1022 2103 1023 2140 1

164 2164 243 2222 patre
257 2173 308 2208 suo
322 2171 353 2207 sc
367 2158 478 2208 audisse
493 2157 615 2221 dicebat,
630 2158 704 2226 quod
715 2159 959 2225 qnantumvaleret

164 2224 200 2274 ud
212 2225 288 2276 illius
302 2225 370 2275 artis
387 2226 546 2290 opinionem
556 2226 732 2277 evertendam
742 2225 898 2292 ignorabat.
931 2223 957 2273 ls
1022 2231 1023 2234 ’

165 2305 233 2359 ergo
251 2293 294 2342 vir
309 2292 420 2342 nomine
432 2291 583 2358 Firminus,
602 2291 756 2342 liberaliter
771 2293 915 2343 institutus
931 2297 958 2338 et

165 2360 292 2410 excultus
306 2359 433 2425 eloquio,
447 2373 509 2409 cum
521 2373 565 2410 me
578 2364 716 2424 tamquam
742 2356 915 2408 carissimum
924 2355 957 2406 de
1022 2393 1023 2396 η

165 2426 329 2493 quibusdam
347 2427 406 2477 suis
418 2426 515 2486 rebus,
524 2427 563 2482 ¹in
576 2439 643 2490 quas
657 2425 807 2474 saecularis
821 2438 885 2491 spes
900 2425 957 2474 eius

163 2494 344 2553 intumuerat,
363 2492 536 2552 consuleret,
555 2491 619 2557 quid
637 2489 706 2542 nulii
723 2490 874 2542 secundum
886 2505 956 2549 suas,

165 2572 233 2623 quas
238 2559 467 2611 constellationes
476 2557 626 2622 adpellant,
632 2557 783 2618 rideretur3
794 2571 848 2622 ego
859 2565 956 2618 autem,

165 2626 212 2689 qui
225 2625 280 2678 iam
293 2625 327 2678 de
341 2624 392 2678 hae
405 2639 435 2676 re
448 2626 477 2677 in
489 2623 617 2675 Nebridii
629 2625 794 2676 seutentiam
807 2625 883 2706 flecti
897 2638 957 2682 coe·
