2050 2925
148 122 180 173 rr
338 118 510 171 nonnum
531 98 754 173 noo-usrrnr

199 221 228 271 C.
243 216 303 270 Xll.
337 219 368 269 ln
380 222 442 285 ipsa
454 227 547 270 tamen
555 222 692 285 pueritia,
703 220 737 270 de
746 233 802 286 qua
810 217 878 271 mibi
892 220 943 270 mi-

148 302 211 348 nus,
224 302 304 353 quam
315 286 348 337 de
359 286 550 337 adolescentia
558 287 742 348 metuebatur,
753 301 807 337 non
817 287 943 337 amabam

147 353 258 415 literas,
272 361 301 403 et
313 367 356 403 me
369 354 397 402 in
411 366 458 401 eas
471 352 567 418 urgeri
579 341 705 415 oderam
724 359 752 403 et
773 353 894 419 urgebar
903 360 944 403 ta-

148 434 219 481 men,
231 425 260 470 et
269 418 339 475 bene
349 416 417 468 mihi
427 418 576 479 flebat,nec
585 417 721 469 faciebam
731 432 784 484 ego
794 419 878 469 bene:
889 435 946 469 non

150 484 564 550 enimdiscerem,nisicogerer.
582 484 682 536 Nemo
696 485 946 535 autemiuvitus

98 606 100 612 ,
147 550 947 615 benefacit,etiamsibonomestquodfaoibb'ee

148 619 244 685 quime
254 618 398 683 urgebant,
407 616 477 665 bene
488 614 638 679 faciebant3
657 616 853 667 sedbenemihi
862 617 949 667 tiebat

148 685 198 735 ubs
212 694 254 746 te,
269 683 346 734 Deus
358 696 445 733 meus.
480 682 525 732 llli
539 684 610 733 enim
620 698 675 732 non
683 683 874 744 intuebantur,
890 699 945 749 quo

148 750 295 812 referrem,
315 747 388 815 quod
406 762 449 798 me
464 748 572 799 discere
583 748 735 814 erigebant,
753 756 947 815 praeterquam

148 815 328 867 adsatiandas
340 814 512 868 insatiabiles
518 814 683 880 cupiditates
693 816 824 881 copiosae
833 816 946 881 inopiae

149 890 178 933 et
188 882 389 947 ignominiosae
400 880 515 947 gloriae.
537 881 581 931 Tu
592 895 672 943 vero,
682 882 727 931 cui
738 882 873 932 numerati
881 889 947 933 sunt

149 948 243 1016 capilli
254 948 352 1013 eapitis
362 948 463 1008 nostri,
479 961 574 997 errore
585 948 717 1009 omnium,
729 946 852 1013 quimibi
861 948 947 998 inste-

148 1014 223 1077 bant,
232 1021 263 1066 ut
273 1014 416 1076 discerem,
427 1013 549 1064 utebaris
559 1013 595 1078 ad
605 1013 754 1065 utilitatem
762 1028 864 1075 meam;
882 1029 945 1064 meo

148 1087 254 1144 autem,
278 1080 452 1148 qui-discere
471 1080 612 1142 nolebam,
631 1080 754 1131 utebaris
773 1079 809 1131 ad
827 1094 947 1146 poenam

148 1162 247 1210 meam,
257 1162 311 1212 qua
321 1148 406 1212 plecti
415 1161 470 1197 non
480 1160 556 1197 eram
565 1146 695 1213 indignus
703 1146 829 1197 tantillus
838 1160 908 1211 puer
917 1154 947 1197 et

91 1217 94 1225 '
146 1219 401 1277 tantuapeoeator.¹
424 1212 507 1262 ltade
518 1228 574 1262 non
582 1212 825 1262 benefacientibus
833 1219 865 1263 tu
873 1212 946 1264 bene

150 1276 352 1338 iaciebaamibi,
368 1284 396 1327 et
406 1277 440 1326 de
453 1283 586 1342 peccante
600 1282 643 1327 me
656 1279 718 1342 ipso
728 1278 801 1327 iuste
811 1279 946 1329 retribue·

124 1406 126 1411 ,
150 1342 284 1397 basmibi.
319 1342 456 1392 iussisti
479 1343 575 1402 enim,
589 1343 685 1392 etsie
703 1348 767 1403 est,
785 1350 820 1393 ut
837 1358 946 1409 poena

150 1424 208 1461 sua
220 1409 285 1461 sibi
300 1409 346 1459 si't
360 1409 465 1457 omnis
479 1407 690 1459 inordinatus
704 1409 839 1460 animus.

111 1474 115 1480 '
200 1476 229 1526 C.
244 1475 317 1526 Xlll.
353 1475 426 1536 Quid
440 1481 531 1526 autem
548 1482 610 1526 erat
627 1489 740 1536 causae,
760 1477 945 1529 eurGraeoas

149 1543 246 1594 literas
257 1543 382 1604 oderam,
396 1541 494 1608 quibus
504 1542 634 1608 puerulus
647 1542 805 1593 imbuebari
821 1543 863 1594 Ne
873 1561 945 1594 nunc

148 1609 259 1677 quidem
282 1607 350 1660 mibi
372 1609 441 1662 satis
464 1609 638 1676 exploratum
661 1614 714 1660 est.
748 1607 945 1668 Adamaveram

147 1678 221 1729 euim
238 1677 365 1742 Latinas,
390 1690 445 1728 non
463 1690 531 1742 quas
549 1676 631 1743 primi
648 1677 787 1738 nravistri,
808 1675 857 1727 sed
876 1691 944 1742 quae

81 1790 98 1811 „
148 1745 306 1810 docentqui
317 1743 645 1794 Grannuticivoeantur.
680 1784 691 1794 .
707 1759 750 1794 am
759 1743 823 1798 illas
831 1743 944 1808 primas,

147 1811 194 1862 ubi
209 1811 304 1877 legere
318 1817 347 1860 et
356 1810 478 1863 scribere
493 1815 523 1860 et
533 1824 676 1860 numerare
690 1810 817 1872 discinit,
830 1823 887 1860 non
896 1810 943 1859 mi-

148 1893 198 1928 nus
221 1890 354 1928 onerosas
373 1875 560 1942 poenalesque
579 1874 725 1940 habebam,
749 1886 830 1942 quam
849 1890 944 1926 omnes

94 1963 97 1966 ·
149 1943 279 1994 Graecas.
314 1941 392 1992 Unde
406 1947 498 1992 tamen
508 1947 537 1991 et
547 1940 613 2004 boc,
626 1943 682 1993 nisi
691 1943 726 1993 de
735 1948 850 2008 peccato
861 1948 891 1992 et
899 1957 944 1991 ra-

147 2010 234 2060 nitate
248 2008 334 2068 sitae,
348 2007 414 2072 quia
424 2021 489 2056 caro
500 2021 589 2069 eram,
603 2015 632 2058 ct
642 2009 754 2074 spiritus
764 2008 906 2058 anibulans
917 2015 945 2057 et

148 2089 204 2126 non
216 2072 376 2126 revertensi
392 2071 461 2123 Nam
471 2073 567 2139 utique
577 2075 720 2138 meliores,
736 2076 802 2141 quia
809 2075 942 2126 certiores

148 2147 227 2194 erant
235 2140 339 2205 primae
349 2139 415 2188 illae
434 2139 532 2190 literae
557 2142 668 2207 (quibus
686 2142 770 2195 tiebat
785 2142 814 2191 in
838 2155 896 2202 me,
915 2146 943 2189 et

147 2208 251 2258 factum
264 2211 320 2266 eat,
335 2211 363 2258 et
373 2203 461 2256 babeo
472 2207 555 2269 illud,
570 2217 601 2259 ut
611 2216 639 2261 et
649 2209 752 2276 legam,
766 2209 792 2258 si
820 2207 867 2258 uid
877 2207 943 2257 scri·

144 2279 224 2340 'ptum
237 2273 361 2336 invenio,
381 2280 410 2324 et
426 2273 545 2324 scribam
559 2276 632 2340 ipse,
653 2276 677 2325 si
691 2274 757 2339 quid
769 2223 942 2340 voiotqnnm

147 2340 226 2403 illae,
250 2340 349 2406 quibus
367 2345 463 2390 tenere
483 2341 605 2407 cogebar
622 2343 731 2392 Aeneae
749 2340 845 2390 nescio
865 2339 942 2390 cuius
965 2377 975 2386 .

148 2419 271 2469 errores,
289 2406 393 2458 oblitus
406 2420 530 2458 errorum
544 2421 680 2468 meorum3
699 2405 847 2470 etplorare
857 2405 942 2456 Dido·

112 2537 114 2541 Ι
148 2473 434 2540 nemmortuam,quia
445 2487 475 2524 se
487 2473 590 2524 occidit
599 2472 635 2523 ob
645 2486 851 2533 amorem‚·eum
859 2472 941 2521 inter-
1009 2520 1010 2523 ,

150 2555 183 2591 ea
194 2555 236 2592 me
251 2541 340 2608 ipsum
351 2541 381 2592 io
404 2537 448 2590 his
462 2545 516 2588 ete
525 2541 701 2599 morientem,
716 2539 793 2588 Dens
802 2539 860 2587 cita
871 2552 941 2595 mea,
1009 2530 1010 2547 ¹

147 2608 230 2660 siccis
241 2608 329 2662 oculis
340 2605 442 2660 ferrem
452 2607 631 2658 miserrimus.
650 2604 723 2668 Quid
733 2605 806 2656 enim
814 2603 941 2654 miserius
