2050 2925
80 164 84 170 .
149 78 183 164 'oo
342 107 758 163 nonauunucusrmr
846 83 854 89 ’

150 212 327 265 altitudinem
336 212 458 265 scientes
467 218 598 278 tangere,
614 216 643 262 ct
651 211 801 277 superficie
809 209 906 275 decipi
914 211 957 265 ia·

150 282 231 342 eiles,
250 280 301 330 sed
315 287 413 330 tamen
422 278 602 329 adumbratae
616 278 816 345 simulataeque
825 279 948 331 virtutis.

201 348 231 398 c.
244 346 317 398 vul.
352 345 416 397 Non
428 359 496 395 sane
506 345 670 412 'relinquens
683 346 852 397 incantatam
867 348 925 399 sibi
938 363 955 397 a
1010 329 1011 379 i

37 435 41 448 =
148 415 310 482 parentibus
322 419 462 465 terrenam
473 412 560 475 viam,
573 412 689 463 Remum
701 420 910 477 praecesserat,
924 422 956 465 ut

148 484 193 538 ins
201 482 337 544 disceret,
352 478 428 530 stibi
439 478 602 545 gladiatorii
611 470 765 546 spectaculi
775 472 854 531 lriatu
864 481 954 533 incre·
1011 517 1012 529 t

148 550 229 601 dibili
239 555 269 600 et
276 545 480 599 incredibiliter
489 546 556 597 abre
576 552 621 597 tus
632 552 685 597 est.
713 547 781 597 Cum
792 546 866 599 enim
876 563 954 599 aver·

147 623 259 668 seretur
276 621 307 667 et
323 614 512 665 detestaretur
530 620 542 665 t
572 615 610 675 'a,
630 612 741 680 quidam
754 615 815 665 eius
827 615 912 671 amici
926 620 955 666 ct

148 682 346 749 condiscipuli,
359 695 422 732 cmu
433 677 511 731 forte
524 679 558 731 de
572 680 688 748 prandio
699 680 881 733 redeuntibus
892 696 953 748 per·
1012 714 1013 725 η

146 751 209 801 rins
228 755 316 811 esset,
335 754 513 799 recinentem
528 746 708 799 vehementer
727 754 756 799 et
772 748 954 801 resistentem

145 816 280 867 familiari
296 814 437 867 vmlentia
449 814 588 867 duxerunt
599 815 629 867 in
643 828 686 867 am
706 812 877 867 bitbeatrum
892 831 952 867 eru·

146 884 251 935 delium
267 889 296 934 et
310 881 626 933 mammariuduram
642 831 758 946 dicius,
773 880 844 933 haec
857 883 952 935 dicen·
1013 894 1014 937 ἲ

144 960 215 1003 tem:
233 950 285 1014 „Si
294 964 397 1016 corpus
405 963 497 1000 meum
507 951 536 1001 in
545 950 624 1001 illum
634 950 727 1001 locum
736 949 861 1014 trahitis,
873 956 903 1001 et
912 950 951 1002 ibi

146 1016 487 1083 cunetimitimumquid
494 1024 523 1068 et
537 1016 657 1067 animum
672 1023 702 1067 et
715 1017 813 1069 oculos
826 1031 908 1069 meos
922 1018 951 1069 in

39 1091 41 1100 '
143 1086 197 1139 illa
208 1084 370 1153 spectacula
380 1084 501 1150 potestis
513 1083 676 1137 incuteret
692 1084 785 1135 Adero
796 1084 893 1151 itaque
905 1084 950 1135 ab·

145 1166 220 1216 sens,
232 1153 317 1203 aesia
326 1158 356 1203 et
365 1166 417 1202 res
425 1150 515 1203 etilla
523 1150 691 1218 superabo.“
718 1150 825 1212 Quibus
836 1151 951 1213 auditis,

143 1220 189 1271 llli
207 1219 297 1269 nihilo
313 1219 406 1274 secius
420 1232 483 1269 eum
499 1218 675 1271 edduumum
688 1232 797 1281 secum,
815 1218 951 1285 idipsum
1015 1269 1016 1281 ,

53 1316 55 1324 1
143 1284 866 1353 iemeexplorarecupientemutrumpossctefficcre.
887 1284 950 1347 Quo
1015 1284 1016 1301 *

142 1352 192 1404 nbi
210 1359 323 1403 renuam
336 1357 395 1412 est,
415 1357 445 1401 ct
457 1351 572 1403 sedibus
585 1353 684 1417 ambus
698 1358 852 1419 patuerunt
863 1352 952 1405 locati

143 1424 221 1482 sunt,
244 1416 392 1470 fervebant
409 1418 504 1486 omnia
520 1418 729 1472 immanissimis
746 1419 949 1488 voluptatibus.

142 1486 195 1538 llle
209 1485 313 1538 musis
327 1483 437 1536 inribrns
446 1485 592 1538 ocmcrmn
600 1487 861 1552 interdixitmrime,
875 1491 911 1542 n'e
922 1488 950 1538 in

142 1562 221 1622 tanta
230 1553 304 1604 mala
311 1551 488 1620 procederet,
497 1559 581 1620 atque
591 1554 696 1610 utinam
706 1561 736 1606 et
744 1569 828 1606 aures
838 1553 949 1608 obtura·

140 1623 238 1673 ulmea
251 1620 321 1673 Nern
332 1619 453 1687 quedam
460 1635 724 1687 pugnaaeamncum
735 1621 840 1674 elamor
849 1623 949 1693 ingens

45 1719 64 1740 .
140 1691 229 1741 totius
240 1689 338 1756 populi
347 1685 528 1740 vehementer
541 1702 604 1740 eum
616 1688 769 1755 pulsasset,
784 1687 948 1740 curiositate

141 1757 245 1820 vicms,
257 1765 288 1808 et
299 1755 380 1821 quasi
392 1761 520 1821 paratus,
534 1754 668 1822 quidquid
677 1755 748 1807 illud
758 1761 846 1820 esset,
864 1757 949 1808 etiam
969 1817 974 1826 .

141 1823 234 1874 risum
249 1830 428 1874 contemnere
446 1828 477 1874 et
497 1825 622 1885 sincere,
646 1823 757 1890 aperuit
778 1821 892 1885 oculos,
920 1828 949 1875 rt
975 1825 980 1834 “

140 1903 291 1955 percussus
310 1895 356 1943 est
367 1890 497 1955 graviore
510 1889 626 1942 vnlnere
638 1889 667 1940 in
680 1891 784 1952 anima,
801 1904 885 1956 quant
898 1889 946 1940 illc

140 1957 171 2006 in
184 1971 220 2006 co
254 1968 316 2017 ore,
331 1967 413 2022 quem
428 1969 544 2008 eernere
560 1955 719 2022 concupivit
729 1957 832 2016 cecidit
852 1971 887 2008 ue
897 1957 946 2008 mi·

38 2043 60 2058 ¹-
141 2023 233 2076 serabr
257 2037 295 2073 as
306 2036 389 2087 qnam
401 2022 466 2084 ille,
479 2036 534 2089 cuo
545 2022 662 2075 cadente
672 2022 764 2075 factus
775 2029 845 2074 estc
905 2038 945 2084 or,

141 2089 189 2156 qui
201 2103 253 2154 per
266 2088 327 2139 eius
337 2101 420 2139 aures
428 2089 556 2151 intrarit,
572 2095 601 2141 et
611 2089 749 2142 reserarit
759 2091 819 2142 cius
830 2090 945 2152 lumine,

139 2167 172 2206 at
182 2161 259 2206 esset
271 2165 326 2221 qua
335 2152 506 2206 ierircmr-et
516 2155 685 2208 detineretur
694 2157 786 2210 audax
795 2155 887 2208 adbuc
896 2171 944 2224 pc-

140 2223 210 2284 tius,
223 2236 306 2288 qnam
320 2219 402 2272 iortis
415 2222 535 2286 animus,
550 2229 580 2276 et
592 2237 629 2276 eo
640 2224 789 2286 infirmior,
800 2239 855 2290 quo
867 2223 943 2274 dese

139 2294 358 2356 praesumeret,
371 2290 419 2356 qui
431 2289 529 2342 debuit
538 2290 572 2342 de
582 2296 620 2342 te.
654 2291 692 2341 Ut
701 2290 773 2342 enim
784 2291 856 2342 vidit
864 2289 944 2342 ilium

138 2356 312 2424 sangrunem,
318 2357 519 2409 immanitatem
525 2357 607 2410 simul
614 2357 712 2408 ebibit,
721 2364 749 2409 et
758 2372 814 2410 non
823 2372 854 2409 se
866 2371 944 2408 arer-

137 2423 241 2486 tit,sed
249 2424 311 2476 fixit
320 2425 370 2477 ads
389 2430 490 2485 ectum,
497 2423 678 2478 etitauriebat
686 2423 784 2486 furias,
795 2429 824 2474 et
833 2423 941 2476 nescie-

137 2491 199 2553 bat,
217 2497 247 2542 et
259 2439 452 2543 delectabamur
464 2491 573 2544 meiere
589 2491 762 2552 certaminis,
781 2496 810 2542 ct
824 2497 941 2543 cruenta

137 2557 282 2622 voluptate
294 2557 493 2610 inebriabatur.
527 2558 564 2610 Et
574 2571 629 2608 nun
640 2565 700 2609 erat
710 2559 765 2610 iam
775 2557 824 2608 ille
836 2557 885 2624 qui
896 2571 939 2608 ve·

137 2631 231 2686 neret,
241 2625 292 2676 sed
301 2642 372 2678 unns
382 2624 524 2696 deturba,
537 2624 662 2692 adquam
674 2630 801 2689 venerat,
815 2629 845 2676 et
855 2638 938 2678 versu
