2050 2925
139 162 188 216 lid
335 160 499 215 nornen
515 150 739 217 rocosum

23 266 38 280 ”
136 277 250 316 monere
260 277 356 316 omnes
365 280 443 317 rneos
452 264 939 333 qdiadersntutdeprecarenturte

135 345 186 399 pro
196 346 250 394 me,
261 330 353 384 Deum
362 333 459 384 salutis
469 332 654 385 omnimodae.
687 330 724 381 Et
733 330 832 397 scripsi
842 328 898 380 hoc
909 332 938 379 in

136 412 214 460 cera,
224 404 253 449 et
262 398 328 450 dedi
337 406 368 450 ut
378 401 419 451 eis
428 399 579 465 legeretur.
612 400 682 450 Mox
691 404 722 448 ut
731 412 823 465 genua
832 395 937 462 suppli·

137 464 163 515 ci
175 463 289 517 adiectu
298 465 462 527 fixurus,iu
485 467 505 517 't
515 467 596 517 dolor
607 464 665 517 ills.
700 464 829 532 Sedquis
836 461 940 513 dolori

136 536 186 582 aut
200 533 339 598 quomodo
352 531 442 649 inqiti
483 534 573 599 upari,
591 531 699 594 fateor,
712 530 832 581 Domine
845 543 938 589 meus,

136 596 214 650 Deus
226 613 316 662 meus3
334 598 393 649 nihi
416 600 490 649 eninr
500 600 556 649 tale
566 598 601 650 ab
611 599 724 650 ineunte
734 602 827 649 aetate
838 608 937 662 exper-

135 670 183 714 tas
196 662 312 715 fuerant.
341 665 382 715 Et
396 666 530 716 insinuati
543 663 687 716 suntnihi
700 665 729 715 in
739 661 879 730 profundo
889 676 939 713 nu-

136 737 182 781 tus
195 734 251 793 tui,
264 738 293 781 et
304 730 428 798 gaudens
442 732 473 782 in
485 732 540 783 lide
549 731 661 783 laudavi
670 745 771 782 nomen
779 736 867 781 tuum.
902 726 941 777 Et

138 810 172 847 ea
184 796 253 847 fides
268 812 312 848 me
326 811 454 849 securum
464 813 599 849 essenon
613 797 723 848 sinebat
733 797 767 847 de
777 796 938 863 praeteritis

136 864 260 928 peccatis
268 864 350 926 oreis,
364 878 435 932 quae
444 864 512 917 uaihi
521 880 572 933 per
580 864 747 935 baptismum
755 869 833 914 tuum
841 860 939 913 remis·

139 930 400 983 sanondurnerant.

188 995 219 1046 c.
232 995 266 1047 V.
300 998 469 1049 Renuntiavi
500 1000 621 1065 peractis
647 995 876 1056 vindemialibus,
908 1000 941 1045 ut

137 1058 315 1115 scholasticis
333 1066 392 1115 suis
410 1064 635 1117 Mediolanenses
653 1064 827 1116 venditorem
840 1060 940 1112 verbo-

136 1123 200 1179 ru'rn
207 1128 292 1180 alium
301 1132 488 1196 providerent,
500 1132 575 1198 quod
584 1137 614 1182 et
623 1132 675 1183 tibi
683 1144 737 1198 ego
747 1130 853 1180 servire
863 1125 940 1178 dele·

137 1197 256 1261 gisseni,
274 1202 305 1246 et
316 1196 360 1247 ilii
373 1197 544 1263 professioni
557 1212 623 1263 prae
638 1197 802 1248 difficultate
816 1193 942 1261 spirandi

137 1275 171 1311 ae
197 1261 297 1313 dolore
319 1258 443 1328 pectoris
466 1279 523 1314 non
546 1266 710 1316 sufficerem.
744 1262 781 1313 Et
800 1261 942 1313 insinuavi

135 1340 187 1392 per
195 1326 293 1377 literas
302 1328 423 1379 antistiti
431 1334 492 1392 tuo,
501 1332 563 1380 viro
573 1336 670 1381 sancto
679 1328 836 1391 Ambrosio,
847 1328 941 1397 pristi-

136 1407 189 1443 nos
202 1407 314 1443 errores
325 1408 419 1457 meos,
431 1400 460 1445 et
474 1409 607 1461 praesens
617 1402 713 1449 votum
721 1410 827 1458 meum,
841 1400 941 1446 utmo-

137 1466 230 1522 neret,
242 1460 311 1528 quid
323 1462 498 1528 potissimum
511 1460 580 1514 inihi
590 1464 625 1514 de
635 1465 715 1517 libris
724 1464 780 1514 tois
790 1460 941 1530 legendam

137 1533 227 1589 esset,
258 1541 313 1594 quo
332 1529 528 1596 percipiendae
556 1533 651 1582 tantae
678 1530 787 1598 gratiae
813 1528 941 1596 paratior

131 1595 282 1662 aptiorque
296 1595 401 1648 fierem.
434 1597 470 1648 At
480 1597 531 1648 ille
545 1597 628 1650 iussit
640 1597 752 1648 Esaiam
760 1594 938 1663 proplietam

137 1663 237 1725 credo,
258 1662 334 1728 quod
351 1677 419 1730 prae
438 1667 558 1716 caeteris
572 1665 711 1734 evangelii
723 1663 938 1730 vocationisque

135 1731 261 1793 gentium
278 1731 317 1780 alt
332 1733 544 1846 praenuntiator
561 1733 694 1798 apertior.
728 1729 833 1782 Verum
846 1735 938 1780 tamen

136 1807 191 1860 ego
204 1795 320 1862 primaru
351 1797 573 1849 uiuslectioneni
583 1813 640 1848 non
648 1797 823 1864 intelligens,
835 1801 937 1847 toturn·

135 1875 189 1926 que
199 1861 285 1913 talen
293 1863 445 1925 arbitrans,
458 1863 557 1916 distuli
565 1863 747 1931 repetendum
756 1863 937 1925 exercitatior

133 1927 164 1978 in
174 1927 313 1979 dominico
325 1929 448 1996 eloquio.

186 1993 216 2045 G.
228 1992 278 2046 Via
310 1995 378 2046 lude
390 1995 439 2047 ubi
449 2002 559 2065 tempus
572 1996 695 2061 advenit,
709 2013 763 2068 quo
776 2011 821 2050 nse
832 2011 936 2049 nomn

135 2057 202 2110 dare
219 2065 376 2177 oporteret,
393 2062 494 2114 relicto
513 2078 579 2115 rure
598 2064 789 2116 Mediolanum
801 2065 935 2115 remeari-

133 2138 203 2177 nms.
258 2126 345 2179 locuit
353 2135 382 2178 et
390 2129 491 2197 Alypio
499 2131 886 2194 renasciintemecurn,iam
894 2132 935 2182 ln·

133 2190 202 2245 doto
211 2190 367 2246 humilitate
377 2199 558 2250 sacramentis
567 2199 624 2250 tuis
633 2213 767 2264 congrus,
775 2205 805 2249 et
813 2195 934 2250 fortissi-

132 2270 180 2310 nro
193 2259 326 2313 domitori
338 2265 478 2332 corporis,
491 2280 581 2334 usque
593 2266 630 2318 sd
638 2265 765 2316 italicum
774 2263 866 2316 solum
877 2264 935 2332 gla-

134 2325 206 2378 ciale
218 2328 294 2378 nudo
307 2328 380 2396 pede
394 2331 576 2384 obterendum
588 2333 705 2383 insolito
718 2347 797 2385 ausu.
831 2331 934 2382 Adiun-

131 2392 223 2445 ximus
237 2395 322 2446 etiarn
330 2396 412 2450 nobis
421 2413 538 2467 puerum
547 2399 731 2460 lideodaturn,
742 2406 778 2449 e'x
786 2411 830 2448 rne
839 2403 934 2448 natum

132 2461 283 2513 carnaliter
300 2464 335 2515 de
353 2471 469 2532 peccato
487 2479 560 2516 meo.
596 2467 640 2517 Tu
652 2467 723 2518 bene
736 2463 846 2515 ieceras
861 2478 934 2516 eum.

130 2523 271 2579 Annorum
290 2538 350 2582 erat
361 2530 450 2584 ferme
463 2531 633 2599 quindecim,
652 2537 682 2583 et
692 2532 806 2600 ingenio
818 2543 935 2598 praeve-

130 2590 227 2666 niebat
243 2597 347 2648 niultos
399 2614 464 2650 ares
480 2605 508 2649 et
521 2599 620 2651 doctos
634 2597 719 2655 viros‘.
753 2597 935 2648 Muneratna

130 2654 342 2727 tibiconliteor,
384 2667 476 2719 omine
484 2663 563 2716 Deus
573 2679 664 2728 meus,
679 2670 789 2733 creator
800 2664 934 2724 omnium.
