2050 2925
196 184 734 240 CONFESSIONUMLIBERHI.
829 186 862 237 31
934 264 938 272 Ι

13 292 14 297 ’
66 302 97 339 es
121 292 150 339 et
167 287 288 353 noudum
304 288 506 353 confitentem),
527 304 589 339 cum
601 294 631 340 te
644 302 699 339 non
713 287 863 346 secundum

62 356 238 405 intellectum
247 354 743 421 mentis,quomepraestarevoluisti
752 354 863 419 belluis,

63 422 274 473 sedsecundum
283 436 394 473 sensum
404 424 493 472 carnis
505 424 674 488 quaererem.
694 422 741 472 Tu
754 427 863 472 autem

62 503 138 539 eras
158 490 306 539 interior
325 490 444 539 intimo
460 499 547 551 mee,
560 496 598 540 et
611 489 860 555 sup-eriorsum-

61 570 109 606 mo
124 570 205 607 meo.
235 554 433 607 Offendiilisam
443 556 587 607 mulierem
596 557 739 618 audacem,
748 556 861 621 inopem

60 623 240 687 prudentiae,
267 624 395 689 aenigma
413 622 584 684 Salomonis,
612 623 755 674 sedentem
778 636 861 687 super

61 690 161 739 sellam
176 690 205 739 in
218 688 335 751 foribus,
352 695 379 739 et
389 689 539 741 dicentem:
557 688 644 740 Panes
654 690 770 741 occultos
779 688 859 739 libeu-

61 764 103 806 ter
122 756 204 816 edite,
224 762 251 806 et
268 770 366 822 apuam
384 756 484 805 euticem
491 755 628 823 furtivam
640 756 728 809 bibite.
764 756 859 816 (Puer.

61 821 86 884 9,
97 824 158 892 1¹1.)
190 822 272 882 Quae
278 836 321 871 me
332 820 455 883 seduxit,
467 823 532 888 quia
541 823 646 874 invenit
655 822 725 874 feris
736 822 860 874 habitan·
896 877 900 884 ι

58 895 117 939 tem
129 890 160 939 in
175 890 257 969 oquin
272 889 363 967 earnis
373 902 464 950 meae,
480 895 508 939 et
518 890 587 939 talia
596 891 778 943 ruminantem
788 890 861 957 apud

59 955 695 1084 maeuii?&miiiaiizssifflmm
714 990 858 1089 ,unm

60 1094 88 1139 et
101 1089 184 1155 quasi
197 1088 309 1138 aemuia
320 1088 472 1159 merebar,
480 1094 512 1139 nt
524 1088 696 1157 suffragarer,
708 1090 802 1141 stultis
812 1090 857 1141 de-

60 1154 236 1221 ceptoribus,
252 1170 313 1205 eum
328 1168 346 1205 a
359 1169 406 1205 me
419 1162 596 1221 quaererent,
611 1157 683 1207 unde
697 1156 812 1220 malum3
831 1163 859 1207 et

58 1230 153 1273 utrum
166 1220 257 1272 forma
265 1235 402 1288 corperea
410 1221 487 1273 Deus
498 1222 637 1287 finiretur,
652 1232 681 1275 et
690 1223 806 1275 haberet
816 1239 859 1274 ca-

57 1289 145 1355 pillos
161 1295 190 1339 et
199 1303 318 1356 ungues3
339 1294 368 1339 et
381 1294 472 1339 utrum
486 1290 554 1358 iusti
567 1292 744 1342 existimandi
756 1297 859 1353 essent,

59 1357 108 1422 qui
122 1353 258 1407 haberent
267 1370 369 1406 uxores
379 1356 480 1407 multas
491 1358 587 1420 simul,
602 1364 630 1409 et
641 1360 801 1410 occiderent
811 1356 859 1409 hu
930 1368 936 1373 '

58 1424 164 1485 mines,
176 1428 204 1474 et
215 1423 405 1476 sacrificarent
415 1423 449 1475 de
460 1424 632 1477 animalibus.
652 1426 758 1487 Quibus
768 1440 859 1476 rerum

57 1491 175 1556 ignarus
193 1491 388 1557 perturbabar3
406 1498 435 1542 et
451 1493 586 1542 recedens
605 1508 622 1542 a
639 1494 756 1544 veritate
775 1493 816 1542 ire
830 1493 860 1543 in

59 1571 122 1607 eam
140 1557 210 1608 mihi
227 1557 356 1622 videbam
375 1559 440 1624 quia
453 1571 666 1622 nennoreram,
685 1560 788 1609 malum
803 1573 859 1608 non

59 1639 123 1676 esse
143 1625 199 1675 nisi
213 1625 397 1690 privationem
413 1625 489 1687 boni,
508 1638 597 1690 usqne
612 1624 647 1674 ad
658 1625 731 1690 quod
747 1625 859 1674 omnino

58 1697 178 1742 nonest.
215 1690 296 1752 Quod
305 1690 378 1743 unde
390 1692 523 1753 viderem,
533 1692 612 1741 cuius
620 1691 717 1741 videre
726 1705 814 1756 usque
825 1690 860 1740 ad

58 1773 161 1824 cerpus
185 1765 245 1809 erat
264 1759 367 1822 oeulis,
386 1764 415 1810 et
428 1759 520 1808 animo
531 1772 621 1824 usque
635 1751 669 1810 a'd
681 1756 860 1825 phanias-mai

57 1825 94 1875 Et
107 1839 165 1876 nen
179 1839 309 1876 neveram
322 1824 412 1876 Deum
427 1840 490 1876 esse
501 1824 641 1890 spiritum,
655 1841 711 1876 non
721 1825 765 1876 cui
776 1839 859 1876 mem-

57 1891 111 1941 bra
126 1897 222 1943 essent
233 1904 284 1958 per·
297 1892 411 1960 longum
425 1899 453 1943 et
466 1892 565 1954 laium,
580 1906 632 1942 nec
642 1894 687 1943 eui
697 1892 858 1944 essemeles

59 1964 150 2022 esset3
172 1959 238 2024 quia
251 1959 340 2009 moies
354 1959 384 2010 in
398 1965 476 2026 parte
491 1960 582 2010 minor
596 1966 652 2022 est,
667 1975 748 2027 quam
757 1961 786 2010 in
796 1966 857 2010 totu

58 2041 124 2088 su03
143 2031 173 2076 et
183 2025 206 2076 si
217 2025 383 2088 infinitasit,
397 2027 488 2076 minor
498 2027 579 2076 estin
590 2027 683 2094 aliqua·
691 2032 771 2095 parte
780 2034 857 2085 ceno

57 2093 154 2158 spatie·
167 2092 296 2154 definita,
312 2105 392 2157 quam
406 2107 456 2158 per
467 2094 604 2148 infinitum
610 2111 622 2158 3¹
637 2100 666 2144 et
679 2108 735 2145 uon
745 2101 788 2146 est
796 2100 859 2144 teta
934 2156 939 2164 ἱ

57 2159 161 2225 ubique
178 2160 252 2210 sieut
265 2160 392 2224 spiritus,
406 2161 479 2210 sicut
491 2160 577 2211 Deus.
612 2160 649 2211 Et
661 2159 728 2227 quid
737 2162 766 2212 iu
776 2160 857 2212 nobis

56 2233 147 2288 esset,
158 2225 310 2276 seeundum
321 2226 396 2294 qued
406 2241 529 2279 essemus
539 2227 644 2278 similes
654 2228 730 2290 Deo,
742 2235 771 2279 et
779 2233 857 2278 reete

55 2292 240 2359 inscripturis
249 2292 447 2344 diceremured
453 2293 598 2360 insagimm
605 2292 663 2345 'Dei
671 2295 753 2355 (Gen.
761 2295 855 2357 lm),

56 2360 353 2428 prorsusignorabam.
372 2361 471 2411 Etnon
481 2375 611 2411 neveram
620 2363 754 2412 iustitiam
763 2375 857 2411 reram

55 2425 235 2489 interiorem,
249 2441 304 2477 non
316 2441 351 2477 ex
361 2427 561 2481 consuetudine
569 2427 749 2503 iudicantem,
761 2427 810 2476 sed
821 2441 856 2476 ex

56 2491 120 2558 lege
132 2494 294 2546 rectissima
305 2493 361 2544 Dei
375 2495 586 2560 omnipotentis,
607 2510 661 2560 qua
670 2494 856 2544 formarentur

55 2573 150 2609 mores
159 2561 308 2626 regionum
319 2566 347 2610 ei
356 2561 462 2612 dierum
472 2575 523 2626 pre
533 2560 694 2628 regionibus
706 2565 734 2607 et
744 2557 854 2616 diebus3

56 2637 117 2675 cum
134 2627 199 2691 ipsa
215 2625 319 2690 ubique
327 2641 362 2676 ac
370 2641 477 2696 semper
488 2633 572 2687 esset,
582 2642 639 2676 non
649 2625 715 2674 aiibi
726 2623 789 2683 alia,
803 2636 855 2670 nee
901 2674 903 2677 ,

56 2695 127 2744 alias
138 2693 235 2756 alitem
253 2693 403 2746 secuudum
411 2709 493 2762 quam
503 2693 570 2745 iusti
580 2696 677 2743 essent
683 2687 817 2738 Abraham
827 2692 857 2735 et
