<?xml version="1.0" encoding="UTF-8"?>
<!DOCTYPE html PUBLIC "-//W3C//DTD XHTML 1.0 Transitional//EN"
    "http://www.w3.org/TR/xhtml1/DTD/xhtml1-transitional.dtd">
<html xmlns="http://www.w3.org/1999/xhtml" xml:lang="en" lang="en">
 <head>
  <title>
</title>
<meta http-equiv="Content-Type" content="text/html;charset=utf-8" />
  <meta name='ocr-system' content='tesseract 3.04.00' />
  <meta name='ocr-capabilities' content='ocr_page ocr_carea ocr_par ocr_line ocrx_word'/>
</head>
<body>
  <div class='ocr_page' id='page_1' title='image "./saureliiaugusti00brudgoog_0317.png"; bbox 0 0 2050 2925; ppageno 0'>
   <div class='ocr_carea' id='block_1_1' title="bbox 191 94 940 199">
    <p class='ocr_par' dir='ltr' id='par_1_1' title="bbox 191 94 940 199">
     <span class='ocr_line' id='line_1_1' title="bbox 191 94 940 199; baseline 0.003 -30"><span class='ocrx_word' id='word_1_1' title='bbox 191 94 531 173; x_wconf 70' lang='lat' dir='ltr'><strong>&#39;courussrouum</strong></span> <span class='ocrx_word' id='word_1_2' title='bbox 547 116 671 189; x_wconf 70' lang='lat' dir='ltr'><strong>praua</strong></span> <span class='ocrx_word' id='word_1_3' title='bbox 688 116 771 171; x_wconf 83' lang='lat' dir='ltr'><strong>xru.</strong></span> <span class='ocrx_word' id='word_1_4' title='bbox 841 120 891 171; x_wconf 78' lang='lat' dir='ltr'><strong>aas</strong></span> <span class='ocrx_word' id='word_1_5' title='bbox 939 196 940 199; x_wconf 4' lang='grc' dir='ltr'><strong><em>Ν</em></strong></span> 
     </span>
    </p>
   </div>
   <div class='ocr_carea' id='block_1_2' title="bbox 87 218 956 1219">
    <p class='ocr_par' dir='ltr' id='par_1_2' title="bbox 87 218 956 1219">
     <span class='ocr_line' id='line_1_2' title="bbox 88 218 891 287; baseline 0.001 -16"><span class='ocrx_word' id='word_1_6' title='bbox 88 226 159 281; x_wconf 85' lang='lat' dir='ltr'><strong>stra,</strong></span> <span class='ocrx_word' id='word_1_7' title='bbox 173 227 203 270; x_wconf 91' lang='lat' dir='ltr'><strong>et</strong></span> <span class='ocrx_word' id='word_1_8' title='bbox 215 221 245 272; x_wconf 90' lang='lat' dir='ltr'><strong>iu</strong></span> <span class='ocrx_word' id='word_1_9' title='bbox 256 218 424 287; x_wconf 81' lang='lat' dir='ltr'><strong>profundum</strong></span> <span class='ocrx_word' id='word_1_10' title='bbox 436 219 618 271; x_wconf 89' lang='lat' dir='ltr'><strong>tenebrosum</strong></span> <span class='ocrx_word' id='word_1_11' title='bbox 626 219 783 271; x_wconf 87' lang='lat' dir='ltr'><strong>abieramus</strong></span> <span class='ocrx_word' id='word_1_12' title='bbox 793 218 842 271; x_wconf 87' lang='lat' dir='ltr'><strong>abs</strong></span> <span class='ocrx_word' id='word_1_13' title='bbox 852 227 891 285; x_wconf 86' lang='lat' dir='ltr'><strong>te,</strong></span> 
     </span>
     <span class='ocr_line' id='line_1_3' title="bbox 89 282 891 353; baseline 0.001 -15"><span class='ocrx_word' id='word_1_14' title='bbox 89 290 117 338; x_wconf 80' lang='lat' dir='ltr'><strong>et</strong></span> <span class='ocrx_word' id='word_1_15' title='bbox 127 282 247 353; x_wconf 88' lang='lat' dir='ltr'><strong>Spiritus</strong></span> <span class='ocrx_word' id='word_1_16' title='bbox 260 294 325 339; x_wconf 90' lang='lat' dir='ltr'><strong>tuus</strong></span> <span class='ocrx_word' id='word_1_17' title='bbox 339 286 429 337; x_wconf 89' lang='lat' dir='ltr'><strong>bonus</strong></span> <span class='ocrx_word' id='word_1_18' title='bbox 444 285 672 351; x_wconf 76' lang='lat' dir='ltr'><strong>superferebatur</strong></span> <span class='ocrx_word' id='word_1_19' title='bbox 682 285 717 337; x_wconf 89' lang='lat' dir='ltr'><strong>ad</strong></span> <span class='ocrx_word' id='word_1_20' title='bbox 728 286 891 339; x_wconf 86' lang='lat' dir='ltr'><strong>subvenien-</strong></span> 
     </span>
     <span class='ocr_line' id='line_1_4' title="bbox 88 353 891 419; baseline -0.004 -12"><span class='ocrx_word' id='word_1_21' title='bbox 88 355 153 407; x_wconf 89' lang='lat' dir='ltr'><strong>dum</strong></span> <span class='ocrx_word' id='word_1_22' title='bbox 166 354 248 405; x_wconf 88' lang='lat' dir='ltr'><strong>uobis</strong></span> <span class='ocrx_word' id='word_1_23' title='bbox 262 353 427 417; x_wconf 85' lang='lat' dir='ltr'><strong>intempore</strong></span> <span class='ocrx_word' id='word_1_24' title='bbox 437 356 623 419; x_wconf 89' lang='lat' dir='ltr'><strong>opportuno),</strong></span> <span class='ocrx_word' id='word_1_25' title='bbox 635 354 891 405; x_wconf 86' lang='lat' dir='ltr'><strong>etiustificastiim-</strong></span> 
     </span>
     <span class='ocr_line' id='line_1_5' title="bbox 88 418 941 487; baseline 0.002 -18"><span class='ocrx_word' id='word_1_26' title='bbox 88 421 163 487; x_wconf 87' lang='lat' dir='ltr'><strong>pios,</strong></span> <span class='ocrx_word' id='word_1_27' title='bbox 179 426 207 471; x_wconf 91' lang='lat' dir='ltr'><strong>et</strong></span> <span class='ocrx_word' id='word_1_28' title='bbox 217 420 371 472; x_wconf 73' lang='lat' dir='ltr'><strong>distinxisti</strong></span> <span class='ocrx_word' id='word_1_29' title='bbox 381 434 430 470; x_wconf 83' lang='lat' dir='ltr'><strong>eos</strong></span> <span class='ocrx_word' id='word_1_30' title='bbox 439 418 474 469; x_wconf 91' lang='lat' dir='ltr'><strong>ab</strong></span> <span class='ocrx_word' id='word_1_31' title='bbox 484 420 602 486; x_wconf 85' lang='lat' dir='ltr'><strong>iniquis,</strong></span> <span class='ocrx_word' id='word_1_32' title='bbox 619 424 647 470; x_wconf 88' lang='lat' dir='ltr'><strong>et</strong></span> <span class='ocrx_word' id='word_1_33' title='bbox 656 419 787 471; x_wconf 88' lang='lat' dir='ltr'><strong>solidasti</strong></span> <span class='ocrx_word' id='word_1_34' title='bbox 795 426 890 471; x_wconf 87' lang='lat' dir='ltr'><strong>aucto·</strong></span> <span class='ocrx_word' id='word_1_35' title='bbox 939 435 941 447; x_wconf 77' lang='lat'><strong><em>¹</em></strong></span> 
     </span>
     <span class='ocr_line' id='line_1_6' title="bbox 88 485 890 554; baseline 0 -17"><span class='ocrx_word' id='word_1_36' title='bbox 88 488 200 538; x_wconf 86' lang='lat' dir='ltr'><strong>ritatem</strong></span> <span class='ocrx_word' id='word_1_37' title='bbox 212 487 279 538; x_wconf 93' lang='lat' dir='ltr'><strong>libri</strong></span> <span class='ocrx_word' id='word_1_38' title='bbox 293 487 335 536; x_wconf 90' lang='lat' dir='ltr'><strong>tui</strong></span> <span class='ocrx_word' id='word_1_39' title='bbox 348 486 422 536; x_wconf 90' lang='lat' dir='ltr'><strong>inter</strong></span> <span class='ocrx_word' id='word_1_40' title='bbox 433 486 607 554; x_wconf 76' lang='lat' dir='ltr'><strong>superiores,</strong></span> <span class='ocrx_word' id='word_1_41' title='bbox 628 486 676 553; x_wconf 90' lang='lat' dir='ltr'><strong>qui</strong></span> <span class='ocrx_word' id='word_1_42' title='bbox 688 485 743 537; x_wconf 86' lang='lat' dir='ltr'><strong>tibi.</strong></span> <span class='ocrx_word' id='word_1_43' title='bbox 754 485 890 537; x_wconf 81' lang='lat' dir='ltr'><strong>docibiles</strong></span> 
     </span>
     <span class='ocr_line' id='line_1_7' title="bbox 88 552 956 620; baseline -0.001 -15"><span class='ocrx_word' id='word_1_44' title='bbox 88 560 197 615; x_wconf 82' lang='lat' dir='ltr'><strong>essent,</strong></span> <span class='ocrx_word' id='word_1_45' title='bbox 208 563 237 604; x_wconf 85' lang='lat' dir='ltr'><strong>et</strong></span> <span class='ocrx_word' id='word_1_46' title='bbox 246 552 408 615; x_wconf 83' lang='lat' dir='ltr'><strong>inferiores,</strong></span> <span class='ocrx_word' id='word_1_47' title='bbox 419 555 464 619; x_wconf 91' lang='lat' dir='ltr'><strong>qui</strong></span> <span class='ocrx_word' id='word_1_48' title='bbox 476 554 518 604; x_wconf 89' lang='lat' dir='ltr'><strong>eis</strong></span> <span class='ocrx_word' id='word_1_49' title='bbox 529 552 727 615; x_wconf 82' lang='lat' dir='ltr'><strong>subderentur,</strong></span> <span class='ocrx_word' id='word_1_50' title='bbox 737 558 766 603; x_wconf 88' lang='lat' dir='ltr'><strong>et</strong></span> <span class='ocrx_word' id='word_1_51' title='bbox 776 566 891 620; x_wconf 87' lang='lat' dir='ltr'><strong>congre·</strong></span> <span class='ocrx_word' id='word_1_52' title='bbox 954 559 956 562; x_wconf 81' lang='grc'>’</span> 
     </span>
     <span class='ocr_line' id='line_1_8' title="bbox 89 619 891 689; baseline 0 -18"><span class='ocrx_word' id='word_1_53' title='bbox 89 621 163 687; x_wconf 79' lang='lat' dir='ltr'><strong>gasti</strong></span> <span class='ocrx_word' id='word_1_54' title='bbox 175 620 341 672; x_wconf 87' lang='lat' dir='ltr'><strong>societatem</strong></span> <span class='ocrx_word' id='word_1_55' title='bbox 353 619 506 671; x_wconf 77' lang='lat' dir='ltr'><strong>infidelium</strong></span> <span class='ocrx_word' id='word_1_56' title='bbox 516 619 545 670; x_wconf 93' lang='lat' dir='ltr'><strong>in</strong></span> <span class='ocrx_word' id='word_1_57' title='bbox 554 634 636 671; x_wconf 90' lang='lat' dir='ltr'><strong>unam</strong></span> <span class='ocrx_word' id='word_1_58' title='bbox 647 620 891 689; x_wconf 79' lang='lat' dir='ltr'><strong>conspirationem,</strong></span> 
     </span>
     <span class='ocr_line' id='line_1_9' title="bbox 88 686 890 755; baseline -0.001 -17"><span class='ocrx_word' id='word_1_59' title='bbox 88 688 300 754; x_wconf 79' lang='lat' dir='ltr'><strong>utadparerelrt</strong></span> <span class='ocrx_word' id='word_1_60' title='bbox 312 686 407 737; x_wconf 83' lang='lat' dir='ltr'><strong>studia</strong></span> <span class='ocrx_word' id='word_1_61' title='bbox 418 686 555 749; x_wconf 79' lang='lat' dir='ltr'><strong>fidelium,</strong></span> <span class='ocrx_word' id='word_1_62' title='bbox 575 692 604 737; x_wconf 87' lang='lat' dir='ltr'><strong>ct</strong></span> <span class='ocrx_word' id='word_1_63' title='bbox 616 686 669 739; x_wconf 87' lang='lat' dir='ltr'><strong>tibi</strong></span> <span class='ocrx_word' id='word_1_64' title='bbox 681 700 768 754; x_wconf 85' lang='lat' dir='ltr'><strong>opera</strong></span> <span class='ocrx_word' id='word_1_65' title='bbox 782 687 890 755; x_wconf 84' lang='lat' dir='ltr'><strong>miseri-</strong></span> 
     </span>
     <span class='ocr_line' id='line_1_10' title="bbox 90 753 889 826; baseline 0.001 -22"><span class='ocrx_word' id='word_1_66' title='bbox 90 754 203 805; x_wconf 82' lang='lat' dir='ltr'><strong>cordiae</strong></span> <span class='ocrx_word' id='word_1_67' title='bbox 261 759 367 816; x_wconf 82' lang='lat' dir='ltr'><strong>terent,</strong></span> <span class='ocrx_word' id='word_1_68' title='bbox 389 753 591 826; x_wconf 85' lang='lat' dir='ltr'><strong>distribuentes</strong></span> <span class='ocrx_word' id='word_1_69' title='bbox 614 756 700 805; x_wconf 87' lang='lat' dir='ltr'><strong>etiam</strong></span> <span class='ocrx_word' id='word_1_70' title='bbox 722 754 889 821; x_wconf 83' lang='lat' dir='ltr'><strong>pauperibus</strong></span> 
     </span>
     <span class='ocr_line' id='line_1_11' title="bbox 88 820 890 888; baseline 0 -17"><span class='ocrx_word' id='word_1_71' title='bbox 88 827 216 878; x_wconf 84' lang='lat' dir='ltr'><strong>terrenas</strong></span> <span class='ocrx_word' id='word_1_72' title='bbox 241 821 378 872; x_wconf 86' lang='lat' dir='ltr'><strong>acuitates</strong></span> <span class='ocrx_word' id='word_1_73' title='bbox 393 820 429 871; x_wconf 88' lang='lat' dir='ltr'><strong>ad</strong></span> <span class='ocrx_word' id='word_1_74' title='bbox 438 821 611 888; x_wconf 87' lang='lat' dir='ltr'><strong>adquirenda</strong></span> <span class='ocrx_word' id='word_1_75' title='bbox 621 821 768 873; x_wconf 83' lang='lat' dir='ltr'><strong>coelestia:</strong></span> <span class='ocrx_word' id='word_1_76' title='bbox 787 820 890 875; x_wconf 87' lang='lat' dir='ltr'><strong>etinde</strong></span> 
     </span>
     <span class='ocr_line' id='line_1_12' title="bbox 88 886 891 955; baseline 0.001 -18"><span class='ocrx_word' id='word_1_77' title='bbox 88 888 242 939; x_wconf 84' lang='lat' dir='ltr'><strong>accendisti</strong></span> <span class='ocrx_word' id='word_1_78' title='bbox 260 888 395 955; x_wconf 87' lang='lat' dir='ltr'><strong>quaedam</strong></span> <span class='ocrx_word' id='word_1_79' title='bbox 412 886 562 938; x_wconf 86' lang='lat' dir='ltr'><strong>luminaria</strong></span> <span class='ocrx_word' id='word_1_80' title='bbox 580 888 609 937; x_wconf 89' lang='lat' dir='ltr'><strong>in</strong></span> <span class='ocrx_word' id='word_1_81' title='bbox 625 888 811 951; x_wconf 76' lang='lat' dir='ltr'><strong>firmamento,</strong></span> <span class='ocrx_word' id='word_1_82' title='bbox 830 902 891 939; x_wconf 78' lang='lat' dir='ltr'><strong>ver·</strong></span> 
     </span>
     <span class='ocr_line' id='line_1_13' title="bbox 87 954 890 1024; baseline -0.005 -15"><span class='ocrx_word' id='word_1_83' title='bbox 87 955 153 1009; x_wconf 91' lang='lat' dir='ltr'><strong>bum</strong></span> <span class='ocrx_word' id='word_1_84' title='bbox 165 957 239 1007; x_wconf 83' lang='lat' dir='ltr'><strong>vitae</strong></span> <span class='ocrx_word' id='word_1_85' title='bbox 253 954 387 1024; x_wconf 68' lang='lat' dir='ltr'><strong>habentes</strong></span> <span class='ocrx_word' id='word_1_86' title='bbox 401 960 515 1005; x_wconf 84' lang='lat' dir='ltr'><strong>sanctos</strong></span> <span class='ocrx_word' id='word_1_87' title='bbox 527 958 605 1015; x_wconf 74' lang='lat' dir='ltr'><strong>tirus,</strong></span> <span class='ocrx_word' id='word_1_88' title='bbox 622 960 652 1003; x_wconf 92' lang='lat' dir='ltr'><strong>et</strong></span> <span class='ocrx_word' id='word_1_89' title='bbox 661 954 832 1019; x_wconf 89' lang='lat' dir='ltr'><strong>spiritalibus</strong></span> <span class='ocrx_word' id='word_1_90' title='bbox 842 956 890 1005; x_wconf 90' lang='lat' dir='ltr'><strong>do-</strong></span> 
     </span>
     <span class='ocr_line' id='line_1_14' title="bbox 87 1017 890 1090; baseline -0.001 -18"><span class='ocrx_word' id='word_1_91' title='bbox 87 1021 132 1073; x_wconf 88' lang='lat' dir='ltr'><strong>nis</strong></span> <span class='ocrx_word' id='word_1_92' title='bbox 151 1021 277 1090; x_wconf 89' lang='lat' dir='ltr'><strong>praelata</strong></span> <span class='ocrx_word' id='word_1_93' title='bbox 294 1020 407 1073; x_wconf 81' lang='lat' dir='ltr'><strong>sublimi</strong></span> <span class='ocrx_word' id='word_1_94' title='bbox 424 1020 593 1070; x_wconf 88' lang='lat' dir='ltr'><strong>auctoritate</strong></span> <span class='ocrx_word' id='word_1_95' title='bbox 612 1017 764 1086; x_wconf 61' lang='lat' dir='ltr'><strong>fulgentem</strong></span> <span class='ocrx_word' id='word_1_96' title='bbox 784 1020 890 1071; x_wconf 80' lang='lat' dir='ltr'><strong>atinde</strong></span> 
     </span>
     <span class='ocr_line' id='line_1_15' title="bbox 88 1086 890 1153; baseline -0.002 -15"><span class='ocrx_word' id='word_1_97' title='bbox 88 1088 124 1138; x_wconf 87' lang='lat' dir='ltr'><strong>ad</strong></span> <span class='ocrx_word' id='word_1_98' title='bbox 142 1088 306 1138; x_wconf 88' lang='lat' dir='ltr'><strong>imbuendas</strong></span> <span class='ocrx_word' id='word_1_99' title='bbox 319 1086 455 1139; x_wconf 72' lang='lat' dir='ltr'><strong>,infideles</strong></span> <span class='ocrx_word' id='word_1_100' title='bbox 468 1091 567 1153; x_wconf 82' lang='lat' dir='ltr'><strong>gentes</strong></span> <span class='ocrx_word' id='word_1_101' title='bbox 582 1092 755 1137; x_wconf 88' lang='lat' dir='ltr'><strong>sacramenta</strong></span> <span class='ocrx_word' id='word_1_102' title='bbox 768 1092 797 1137; x_wconf 90' lang='lat' dir='ltr'><strong>et</strong></span> <span class='ocrx_word' id='word_1_103' title='bbox 809 1088 890 1137; x_wconf 87' lang='lat' dir='ltr'><strong>mira-</strong></span> 
     </span>
     <span class='ocr_line' id='line_1_16' title="bbox 88 1152 891 1219; baseline -0.002 -14"><span class='ocrx_word' id='word_1_104' title='bbox 88 1153 153 1205; x_wconf 90' lang='lat' dir='ltr'><strong>cula</strong></span> <span class='ocrx_word' id='word_1_105' title='bbox 167 1154 303 1216; x_wconf 80' lang='lat' dir='ltr'><strong>visibilia,</strong></span> <span class='ocrx_word' id='word_1_106' title='bbox 321 1168 461 1219; x_wconf 78' lang='lat' dir='ltr'><strong>vocesque</strong></span> <span class='ocrx_word' id='word_1_107' title='bbox 474 1152 623 1204; x_wconf 80' lang='lat' dir='ltr'><strong>verborum</strong></span> <span class='ocrx_word' id='word_1_108' title='bbox 638 1154 788 1205; x_wconf 85' lang='lat' dir='ltr'><strong>secundum</strong></span> <span class='ocrx_word' id='word_1_109' title='bbox 801 1153 891 1205; x_wconf 86' lang='lat' dir='ltr'><strong>firma·</strong></span> 
     </span>
    </p>
   </div>
   <div class='ocr_carea' id='block_1_3' title="bbox 7 1218 891 1287">
    <p class='ocr_par' dir='ltr' id='par_1_3' title="bbox 7 1218 891 1287">
     <span class='ocr_line' id='line_1_17' title="bbox 7 1218 891 1287; baseline 0 -16"><span class='ocrx_word' id='word_1_110' title='bbox 7 1232 8 1244; x_wconf 63' lang='lat'>¹</span> <span class='ocrx_word' id='word_1_111' title='bbox 86 1224 211 1272; x_wconf 89' lang='lat' dir='ltr'><strong>mentum</strong></span> <span class='ocrx_word' id='word_1_112' title='bbox 222 1220 289 1271; x_wconf 90' lang='lat' dir='ltr'><strong>libri</strong></span> <span class='ocrx_word' id='word_1_113' title='bbox 300 1221 357 1283; x_wconf 88' lang='lat' dir='ltr'><strong>tui,</strong></span> <span class='ocrx_word' id='word_1_114' title='bbox 375 1220 474 1287; x_wconf 87' lang='lat' dir='ltr'><strong>quibus</strong></span> <span class='ocrx_word' id='word_1_115' title='bbox 489 1221 574 1271; x_wconf 87' lang='lat' dir='ltr'><strong>etiam</strong></span> <span class='ocrx_word' id='word_1_116' title='bbox 583 1219 681 1271; x_wconf 86' lang='lat' dir='ltr'><strong>iidcles</strong></span> <span class='ocrx_word' id='word_1_117' title='bbox 691 1218 891 1271; x_wconf 84' lang='lat' dir='ltr'><strong>benediceren-</strong></span> 
     </span>
    </p>
   </div>
   <div class='ocr_carea' id='block_1_4' title="bbox 86 1286 952 1753">
    <p class='ocr_par' dir='ltr' id='par_1_4' title="bbox 86 1286 952 1753">
     <span class='ocr_line' id='line_1_18' title="bbox 86 1286 892 1355; baseline -0.004 -16"><span class='ocrx_word' id='word_1_118' title='bbox 86 1294 145 1349; x_wconf 86' lang='lat' dir='ltr'><strong>tur,</strong></span> <span class='ocrx_word' id='word_1_119' title='bbox 160 1302 196 1339; x_wconf 84' lang='lat' dir='ltr'><strong>ex</strong></span> <span class='ocrx_word' id='word_1_120' title='bbox 209 1288 327 1339; x_wconf 85' lang='lat' dir='ltr'><strong>materia</strong></span> <span class='ocrx_word' id='word_1_121' title='bbox 339 1286 481 1355; x_wconf 90' lang='lat' dir='ltr'><strong>corporali</strong></span> <span class='ocrx_word' id='word_1_122' title='bbox 493 1286 660 1353; x_wconf 82' lang='lat' dir='ltr'><strong>produxisti.</strong></span> <span class='ocrx_word' id='word_1_123' title='bbox 694 1287 732 1338; x_wconf 91' lang='lat' dir='ltr'><strong>Et</strong></span> <span class='ocrx_word' id='word_1_124' title='bbox 746 1287 847 1339; x_wconf 82' lang='lat' dir='ltr'><strong>deinde</strong></span> <span class='ocrx_word' id='word_1_125' title='bbox 861 1287 892 1336; x_wconf 84' lang='lat' dir='ltr'><strong>ti·</strong></span> 
     </span>
     <span class='ocr_line' id='line_1_19' title="bbox 88 1352 891 1421; baseline 0 -16"><span class='ocrx_word' id='word_1_126' title='bbox 88 1355 192 1405; x_wconf 89' lang='lat' dir='ltr'><strong>delium</strong></span> <span class='ocrx_word' id='word_1_127' title='bbox 211 1358 330 1407; x_wconf 88' lang='lat' dir='ltr'><strong>animam</strong></span> <span class='ocrx_word' id='word_1_128' title='bbox 347 1355 437 1406; x_wconf 79' lang='lat' dir='ltr'><strong>visam</strong></span> <span class='ocrx_word' id='word_1_129' title='bbox 456 1368 507 1421; x_wconf 86' lang='lat' dir='ltr'><strong>per</strong></span> <span class='ocrx_word' id='word_1_130' title='bbox 521 1352 649 1406; x_wconf 86' lang='lat' dir='ltr'><strong>adfectus</strong></span> <span class='ocrx_word' id='word_1_131' title='bbox 669 1354 891 1407; x_wconf 78' lang='lat' dir='ltr'><strong>orrlinatoscon-</strong></span> 
     </span>
     <span class='ocr_line' id='line_1_20' title="bbox 87 1419 891 1490; baseline 0.002 -18"><span class='ocrx_word' id='word_1_132' title='bbox 87 1422 222 1474; x_wconf 81' lang='lat' dir='ltr'><strong>tinentiae</strong></span> <span class='ocrx_word' id='word_1_133' title='bbox 236 1423 335 1490; x_wconf 77' lang='lat' dir='ltr'><strong>vigore</strong></span> <span class='ocrx_word' id='word_1_134' title='bbox 348 1420 489 1486; x_wconf 79' lang='lat' dir='ltr'><strong>formasti3</strong></span> <span class='ocrx_word' id='word_1_135' title='bbox 506 1427 590 1489; x_wconf 90' lang='lat' dir='ltr'><strong>atque</strong></span> <span class='ocrx_word' id='word_1_136' title='bbox 604 1419 669 1472; x_wconf 89' lang='lat' dir='ltr'><strong>inde</strong></span> <span class='ocrx_word' id='word_1_137' title='bbox 683 1420 737 1472; x_wconf 88' lang='lat' dir='ltr'><strong>tibi</strong></span> <span class='ocrx_word' id='word_1_138' title='bbox 749 1420 804 1474; x_wconf 84' lang='lat' dir='ltr'><strong>soli</strong></span> <span class='ocrx_word' id='word_1_139' title='bbox 813 1436 891 1474; x_wconf 87' lang='lat' dir='ltr'><strong>men·</strong></span> 
     </span>
     <span class='ocr_line' id='line_1_21' title="bbox 87 1485 892 1540; baseline -0.002 0"><span class='ocrx_word' id='word_1_140' title='bbox 87 1496 145 1540; x_wconf 88' lang='lat' dir='ltr'><strong>tem</strong></span> <span class='ocrx_word' id='word_1_141' title='bbox 155 1490 295 1540; x_wconf 88' lang='lat' dir='ltr'><strong>subditam</strong></span> <span class='ocrx_word' id='word_1_142' title='bbox 305 1495 335 1539; x_wconf 90' lang='lat' dir='ltr'><strong>et</strong></span> <span class='ocrx_word' id='word_1_143' title='bbox 342 1489 445 1540; x_wconf 81' lang='lat' dir='ltr'><strong>millius</strong></span> <span class='ocrx_word' id='word_1_144' title='bbox 455 1489 631 1538; x_wconf 75' lang='lat' dir='ltr'><strong>auctoritatis</strong></span> <span class='ocrx_word' id='word_1_145' title='bbox 641 1485 777 1538; x_wconf 89' lang='lat' dir='ltr'><strong>humanae</strong></span> <span class='ocrx_word' id='word_1_146' title='bbox 788 1489 824 1539; x_wconf 89' lang='lat' dir='ltr'><strong>ad</strong></span> <span class='ocrx_word' id='word_1_147' title='bbox 832 1490 892 1538; x_wconf 90' lang='lat' dir='ltr'><strong>imi-</strong></span> 
     </span>
     <span class='ocr_line' id='line_1_22' title="bbox 87 1553 952 1620; baseline 0 -14"><span class='ocrx_word' id='word_1_148' title='bbox 87 1555 203 1606; x_wconf 88' lang='lat' dir='ltr'><strong>tandum</strong></span> <span class='ocrx_word' id='word_1_149' title='bbox 214 1555 387 1620; x_wconf 83' lang='lat' dir='ltr'><strong>indigentem</strong></span> <span class='ocrx_word' id='word_1_150' title='bbox 399 1553 544 1604; x_wconf 78' lang='lat' dir='ltr'><strong>renovasti</strong></span> <span class='ocrx_word' id='word_1_151' title='bbox 553 1553 586 1602; x_wconf 88' lang='lat' dir='ltr'><strong>ad</strong></span> <span class='ocrx_word' id='word_1_152' title='bbox 598 1553 748 1620; x_wconf 75' lang='lat' dir='ltr'><strong>imaginem</strong></span> <span class='ocrx_word' id='word_1_153' title='bbox 758 1561 787 1605; x_wconf 87' lang='lat' dir='ltr'><strong>ct</strong></span> <span class='ocrx_word' id='word_1_154' title='bbox 797 1554 891 1606; x_wconf 83' lang='lat' dir='ltr'><strong>simili-</strong></span> <span class='ocrx_word' id='word_1_155' title='bbox 939 1575 952 1592; x_wconf 89' lang='lat'>·</span> 
     </span>
     <span class='ocr_line' id='line_1_23' title="bbox 87 1618 893 1686; baseline 0.001 -15"><span class='ocrx_word' id='word_1_156' title='bbox 87 1620 521 1686; x_wconf 86' lang='lat' dir='ltr'><strong>tudinemtuam,praestantique</strong></span> <span class='ocrx_word' id='word_1_157' title='bbox 531 1618 688 1671; x_wconf 85' lang='lat' dir='ltr'><strong>intellectui</strong></span> <span class='ocrx_word' id='word_1_158' title='bbox 696 1621 893 1672; x_wconf 88' lang='lat' dir='ltr'><strong>rationabilem</strong></span> 
     </span>
     <span class='ocr_line' id='line_1_24' title="bbox 87 1685 892 1753; baseline -0.002 -13"><span class='ocrx_word' id='word_1_159' title='bbox 87 1688 228 1740; x_wconf 80' lang='lat' dir='ltr'><strong>actionem</strong></span> <span class='ocrx_word' id='word_1_160' title='bbox 245 1693 387 1753; x_wconf 87' lang='lat' dir='ltr'><strong>tamquam</strong></span> <span class='ocrx_word' id='word_1_161' title='bbox 404 1688 465 1738; x_wconf 80' lang='lat' dir='ltr'><strong>viro</strong></span> <span class='ocrx_word' id='word_1_162' title='bbox 479 1685 611 1736; x_wconf 87' lang='lat' dir='ltr'><strong>iemiuam</strong></span> <span class='ocrx_word' id='word_1_163' title='bbox 624 1687 786 1749; x_wconf 87' lang='lat' dir='ltr'><strong>subdidisti,</strong></span> <span class='ocrx_word' id='word_1_164' title='bbox 807 1690 892 1738; x_wconf 92' lang='lat' dir='ltr'><strong>omni-</strong></span> 
     </span>
    </p>
   </div>
   <div class='ocr_carea' id='block_1_5' title="bbox 7 1749 892 2022">
    <p class='ocr_par' dir='ltr' id='par_1_5' title="bbox 7 1749 892 2022">
     <span class='ocr_line' id='line_1_25' title="bbox 7 1749 892 1820; baseline 0 -14"><span class='ocrx_word' id='word_1_165' title='bbox 7 1754 8 1795; x_wconf 59' lang='grc' dir='ltr'>ἰ</span> <span class='ocrx_word' id='word_1_166' title='bbox 62 1774 68 1780; x_wconf 88' lang='lat'>·</span> <span class='ocrx_word' id='word_1_167' title='bbox 87 1756 196 1820; x_wconf 86' lang='lat' dir='ltr'><strong>busque</strong></span> <span class='ocrx_word' id='word_1_168' title='bbox 208 1754 266 1805; x_wconf 90' lang='lat' dir='ltr'><strong>tuis</strong></span> <span class='ocrx_word' id='word_1_169' title='bbox 278 1753 441 1805; x_wconf 84' lang='lat' dir='ltr'><strong>ministeriis</strong></span> <span class='ocrx_word' id='word_1_170' title='bbox 451 1753 487 1804; x_wconf 93' lang='lat' dir='ltr'><strong>ad</strong></span> <span class='ocrx_word' id='word_1_171' title='bbox 495 1749 682 1820; x_wconf 81' lang='lat' dir='ltr'><strong>perficiendos</strong></span> <span class='ocrx_word' id='word_1_172' title='bbox 693 1753 790 1804; x_wconf 82' lang='lat' dir='ltr'><strong>fideles</strong></span> <span class='ocrx_word' id='word_1_173' title='bbox 800 1753 830 1804; x_wconf 91' lang='lat' dir='ltr'><strong>in</strong></span> <span class='ocrx_word' id='word_1_174' title='bbox 840 1752 892 1806; x_wconf 83' lang='lat' dir='ltr'><strong>hac</strong></span> 
     </span>
     <span class='ocr_line' id='line_1_26' title="bbox 85 1819 892 1888; baseline -0.001 -15.088"><span class='ocrx_word' id='word_1_175' title='bbox 85 1823 146 1873; x_wconf 83' lang='lat' dir='ltr'><strong>vita</strong></span> <span class='ocrx_word' id='word_1_176' title='bbox 164 1821 344 1884; x_wconf 86' lang='lat' dir='ltr'><strong>necessariis,</strong></span> <span class='ocrx_word' id='word_1_177' title='bbox 364 1820 398 1871; x_wconf 89' lang='lat' dir='ltr'><strong>ab</strong></span> <span class='ocrx_word' id='word_1_178' title='bbox 408 1819 515 1872; x_wconf 89' lang='lat' dir='ltr'><strong>eisdem</strong></span> <span class='ocrx_word' id='word_1_179' title='bbox 524 1819 653 1872; x_wconf 85' lang='lat' dir='ltr'><strong>fidelibus</strong></span> <span class='ocrx_word' id='word_1_180' title='bbox 664 1820 700 1870; x_wconf 87' lang='lat' dir='ltr'><strong>ad</strong></span> <span class='ocrx_word' id='word_1_181' title='bbox 709 1836 776 1871; x_wconf 88' lang='lat' dir='ltr'><strong>usus</strong></span> <span class='ocrx_word' id='word_1_182' title='bbox 786 1826 892 1888; x_wconf 53' lang='lat' dir='ltr'><strong>tempo*</strong></span> 
     </span>
     <span class='ocr_line' id='line_1_27' title="bbox 7 1887 890 1955; baseline -0.003 -15"><span class='ocrx_word' id='word_1_183' title='bbox 7 1898 8 1901; x_wconf 75' lang='grc'>’</span> <span class='ocrx_word' id='word_1_184' title='bbox 87 1890 176 1952; x_wconf 84' lang='lat' dir='ltr'><strong>rales,</strong></span> <span class='ocrx_word' id='word_1_185' title='bbox 190 1887 337 1940; x_wconf 79' lang='lat' dir='ltr'><strong>fructuosa</strong></span> <span class='ocrx_word' id='word_1_186' title='bbox 349 1887 514 1940; x_wconf 75' lang='lat' dir='ltr'><strong>infuturum</strong></span> <span class='ocrx_word' id='word_1_187' title='bbox 528 1901 614 1955; x_wconf 89' lang='lat' dir='ltr'><strong>opera</strong></span> <span class='ocrx_word' id='word_1_188' title='bbox 625 1888 754 1954; x_wconf 82' lang='lat' dir='ltr'><strong>praeberi</strong></span> <span class='ocrx_word' id='word_1_189' title='bbox 766 1887 890 1940; x_wconf 78' lang='lat' dir='ltr'><strong>voluisti.</strong></span> 
     </span>
     <span class='ocr_line' id='line_1_28' title="bbox 7 1955 892 2022; baseline -0.001 -15"><span class='ocrx_word' id='word_1_190' title='bbox 7 1972 8 2001; x_wconf 56' lang='lat' dir='ltr'><strong>i</strong></span> <span class='ocrx_word' id='word_1_191' title='bbox 87 1956 168 2007; x_wconf 82' lang='lat' dir='ltr'><strong>Haec</strong></span> <span class='ocrx_word' id='word_1_192' title='bbox 181 1957 276 2007; x_wconf 82' lang='lat' dir='ltr'><strong>omnia</strong></span> <span class='ocrx_word' id='word_1_193' title='bbox 287 1955 426 2018; x_wconf 82' lang='lat' dir='ltr'><strong>ridemus,</strong></span> <span class='ocrx_word' id='word_1_194' title='bbox 444 1961 474 2006; x_wconf 88' lang='lat' dir='ltr'><strong>et</strong></span> <span class='ocrx_word' id='word_1_195' title='bbox 485 1957 560 2020; x_wconf 80' lang='lat' dir='ltr'><strong>bona</strong></span> <span class='ocrx_word' id='word_1_196' title='bbox 573 1960 637 2006; x_wconf 89' lang='lat' dir='ltr'><strong>sunt</strong></span> <span class='ocrx_word' id='word_1_197' title='bbox 648 1955 741 2018; x_wconf 83' lang='lat' dir='ltr'><strong>valde3</strong></span> <span class='ocrx_word' id='word_1_198' title='bbox 761 1955 892 2022; x_wconf 88' lang='lat' dir='ltr'><strong>quoniam</strong></span> 
     </span>
    </p>
   </div>
   <div class='ocr_carea' id='block_1_6' title="bbox 7 2003 890 2090">
    <p class='ocr_par' dir='ltr' id='par_1_6' title="bbox 7 2003 890 2090">
     <span class='ocr_line' id='line_1_29' title="bbox 7 2003 890 2090; baseline 0.001 -17"><span class='ocrx_word' id='word_1_199' title='bbox 7 2003 8 2087; x_wconf 70' lang='lat'>}</span> <span class='ocrx_word' id='word_1_200' title='bbox 86 2031 119 2072; x_wconf 90' lang='lat' dir='ltr'><strong>tu</strong></span> <span class='ocrx_word' id='word_1_201' title='bbox 129 2038 164 2074; x_wconf 89' lang='lat' dir='ltr'><strong>ea</strong></span> <span class='ocrx_word' id='word_1_202' title='bbox 172 2024 251 2075; x_wconf 81' lang='lat' dir='ltr'><strong>vides</strong></span> <span class='ocrx_word' id='word_1_203' title='bbox 260 2023 290 2074; x_wconf 87' lang='lat' dir='ltr'><strong>in</strong></span> <span class='ocrx_word' id='word_1_204' title='bbox 299 2024 393 2087; x_wconf 91' lang='lat' dir='ltr'><strong>nobis,</strong></span> <span class='ocrx_word' id='word_1_205' title='bbox 403 2023 452 2090; x_wconf 88' lang='lat' dir='ltr'><strong>qui</strong></span> <span class='ocrx_word' id='word_1_206' title='bbox 462 2021 603 2088; x_wconf 89' lang='lat' dir='ltr'><strong>Spiritum,</strong></span> <span class='ocrx_word' id='word_1_207' title='bbox 614 2037 669 2090; x_wconf 89' lang='lat' dir='ltr'><strong>quo</strong></span> <span class='ocrx_word' id='word_1_208' title='bbox 680 2023 890 2086; x_wconf 69' lang='lat' dir='ltr'><strong>assideremus,</strong></span> 
     </span>
    </p>
   </div>
   <div class='ocr_carea' id='block_1_7' title="bbox 7 2089 724 2157">
    <p class='ocr_par' dir='ltr' id='par_1_7' title="bbox 7 2089 724 2157">
     <span class='ocr_line' id='line_1_30' title="bbox 7 2089 724 2157; baseline 0.001 -18"><span class='ocrx_word' id='word_1_209' title='bbox 7 2092 8 2157; x_wconf 57' lang='grc' dir='ltr'>ζ</span> <span class='ocrx_word' id='word_1_210' title='bbox 88 2095 118 2140; x_wconf 90' lang='lat' dir='ltr'><strong>et</strong></span> <span class='ocrx_word' id='word_1_211' title='bbox 127 2091 156 2141; x_wconf 92' lang='lat' dir='ltr'><strong>in</strong></span> <span class='ocrx_word' id='word_1_212' title='bbox 167 2092 208 2141; x_wconf 87' lang='lat' dir='ltr'><strong>eis</strong></span> <span class='ocrx_word' id='word_1_213' title='bbox 217 2096 246 2141; x_wconf 89' lang='lat' dir='ltr'><strong>te</strong></span> <span class='ocrx_word' id='word_1_214' title='bbox 257 2105 421 2154; x_wconf 80' lang='lat' dir='ltr'><strong>amaremus,</strong></span> <span class='ocrx_word' id='word_1_215' title='bbox 432 2089 536 2141; x_wconf 88' lang='lat' dir='ltr'><strong>dedisti</strong></span> <span class='ocrx_word' id='word_1_216' title='bbox 546 2090 637 2140; x_wconf 91' lang='lat' dir='ltr'><strong>nobis.</strong></span> <span class='ocrx_word' id='word_1_217' title='bbox 699 2109 702 2119; x_wconf 41' lang='lat' dir='ltr'><strong>r</strong></span> <span class='ocrx_word' id='word_1_218' title='bbox 722 2127 724 2134; x_wconf 57' lang='grc'>,</span> 
     </span>
    </p>
   </div>
   <div class='ocr_carea' id='block_1_8' title="bbox 87 2154 896 2422">
    <p class='ocr_par' dir='ltr' id='par_1_8' title="bbox 87 2154 896 2422">
     <span class='ocr_line' id='line_1_31' title="bbox 139 2154 896 2222; baseline -0.001 -16"><span class='ocrx_word' id='word_1_219' title='bbox 139 2156 170 2206; x_wconf 74' lang='lat' dir='ltr'><strong>c·</strong></span> <span class='ocrx_word' id='word_1_220' title='bbox 183 2155 533 2219; x_wconf 71' lang='lat' dir='ltr'><strong>xxxv.zo0mine.oeus‚</strong></span> <span class='ocrx_word' id='word_1_221' title='bbox 542 2156 685 2222; x_wconf 83' lang='lat' dir='ltr'><strong>pacemda</strong></span> <span class='ocrx_word' id='word_1_222' title='bbox 693 2154 774 2208; x_wconf 79' lang='lat' dir='ltr'><strong>nobis</strong></span> <span class='ocrx_word' id='word_1_223' title='bbox 786 2157 896 2218; x_wconf 80' lang='lat' dir='ltr'><strong>(onnia.</strong></span> 
     </span>
     <span class='ocr_line' id='line_1_32' title="bbox 88 2221 891 2290; baseline -0.001 -17"><span class='ocrx_word' id='word_1_224' title='bbox 88 2223 163 2274; x_wconf 91' lang='lat' dir='ltr'><strong>euim</strong></span> <span class='ocrx_word' id='word_1_225' title='bbox 174 2224 343 2289; x_wconf 80' lang='lat' dir='ltr'><strong>praestitisti</strong></span> <span class='ocrx_word' id='word_1_226' title='bbox 354 2224 462 2287; x_wconf 85' lang='lat' dir='ltr'><strong>nobis),</strong></span> <span class='ocrx_word' id='word_1_227' title='bbox 480 2237 577 2290; x_wconf 89' lang='lat' dir='ltr'><strong>pacem</strong></span> <span class='ocrx_word' id='word_1_228' title='bbox 591 2225 706 2290; x_wconf 89' lang='lat' dir='ltr'><strong>quietis,</strong></span> <span class='ocrx_word' id='word_1_229' title='bbox 719 2225 816 2290; x_wconf 80' lang='lat' dir='ltr'><strong>pacem</strong></span> <span class='ocrx_word' id='word_1_230' title='bbox 829 2221 891 2273; x_wconf 85' lang='lat' dir='ltr'><strong>sab·</strong></span> 
     </span>
     <span class='ocr_line' id='line_1_33' title="bbox 88 2288 890 2358; baseline 0 -19"><span class='ocrx_word' id='word_1_231' title='bbox 88 2288 161 2352; x_wconf 89' lang='lat' dir='ltr'><strong>bati,</strong></span> <span class='ocrx_word' id='word_1_232' title='bbox 171 2304 267 2356; x_wconf 86' lang='lat' dir='ltr'><strong>pacem</strong></span> <span class='ocrx_word' id='word_1_233' title='bbox 279 2288 328 2356; x_wconf 86' lang='lat' dir='ltr'><strong>[al.</strong></span> <span class='ocrx_word' id='word_1_234' title='bbox 339 2289 461 2357; x_wconf 87' lang='lat' dir='ltr'><strong>sabbati]</strong></span> <span class='ocrx_word' id='word_1_235' title='bbox 473 2292 534 2341; x_wconf 83' lang='lat' dir='ltr'><strong>sinc</strong></span> <span class='ocrx_word' id='word_1_236' title='bbox 544 2305 670 2358; x_wconf 80' lang='lat' dir='ltr'><strong>vespera.</strong></span> <span class='ocrx_word' id='word_1_237' title='bbox 707 2291 802 2340; x_wconf 87' lang='lat' dir='ltr'><strong>Omnis</strong></span> <span class='ocrx_word' id='word_1_238' title='bbox 814 2289 890 2356; x_wconf 83' lang='lat' dir='ltr'><strong>quip-</strong></span> 
     </span>
     <span class='ocr_line' id='line_1_34' title="bbox 87 2355 890 2422; baseline 0 -16"><span class='ocrx_word' id='word_1_239' title='bbox 87 2369 124 2422; x_wconf 95' lang='lat' dir='ltr'><strong>pe</strong></span> <span class='ocrx_word' id='word_1_240' title='bbox 136 2356 192 2407; x_wconf 90' lang='lat' dir='ltr'><strong>iste</strong></span> <span class='ocrx_word' id='word_1_241' title='bbox 203 2355 271 2406; x_wconf 89' lang='lat' dir='ltr'><strong>crdo</strong></span> <span class='ocrx_word' id='word_1_242' title='bbox 285 2355 485 2422; x_wconf 85' lang='lat' dir='ltr'><strong>pulcherrimus</strong></span> <span class='ocrx_word' id='word_1_243' title='bbox 494 2370 587 2408; x_wconf 89' lang='lat' dir='ltr'><strong>rerum</strong></span> <span class='ocrx_word' id='word_1_244' title='bbox 597 2357 676 2408; x_wconf 89' lang='lat' dir='ltr'><strong>valdc</strong></span> <span class='ocrx_word' id='word_1_245' title='bbox 686 2357 820 2409; x_wconf 87' lang='lat' dir='ltr'><strong>bonarum</strong></span> <span class='ocrx_word' id='word_1_246' title='bbox 833 2371 890 2406; x_wconf 91' lang='lat' dir='ltr'><strong>mo·</strong></span> 
     </span>
    </p>
   </div>
   <div class='ocr_carea' id='block_1_9' title="bbox 7 2422 890 2490">
    <p class='ocr_par' dir='ltr' id='par_1_9' title="bbox 7 2422 890 2490">
     <span class='ocr_line' id='line_1_35' title="bbox 7 2422 890 2490; baseline -0.006 -13"><span class='ocrx_word' id='word_1_247' title='bbox 7 2426 8 2477; x_wconf 57' lang='lat' dir='ltr'><strong>i</strong></span> <span class='ocrx_word' id='word_1_248' title='bbox 89 2422 133 2474; x_wconf 87' lang='lat' dir='ltr'><strong>dis</strong></span> <span class='ocrx_word' id='word_1_249' title='bbox 147 2424 205 2474; x_wconf 89' lang='lat' dir='ltr'><strong>suis</strong></span> <span class='ocrx_word' id='word_1_250' title='bbox 220 2423 341 2489; x_wconf 87' lang='lat' dir='ltr'><strong>peractis</strong></span> <span class='ocrx_word' id='word_1_251' title='bbox 354 2423 521 2475; x_wconf 86' lang='lat' dir='ltr'><strong>transiturus</strong></span> <span class='ocrx_word' id='word_1_252' title='bbox 532 2431 591 2488; x_wconf 82' lang='lat' dir='ltr'><strong>est,</strong></span> <span class='ocrx_word' id='word_1_253' title='bbox 612 2430 640 2474; x_wconf 86' lang='lat' dir='ltr'><strong>at</strong></span> <span class='ocrx_word' id='word_1_254' title='bbox 653 2438 733 2474; x_wconf 86' lang='lat' dir='ltr'><strong>mane</strong></span> <span class='ocrx_word' id='word_1_255' title='bbox 747 2425 847 2490; x_wconf 87' lang='lat' dir='ltr'><strong>quippe</strong></span> <span class='ocrx_word' id='word_1_256' title='bbox 860 2422 890 2472; x_wconf 92' lang='lat' dir='ltr'><strong>in</strong></span> 
     </span>
    </p>
   </div>
   <div class='ocr_carea' id='block_1_10' title="bbox 7 2482 953 2691">
    <p class='ocr_par' dir='ltr' id='par_1_10' title="bbox 7 2482 953 2691">
     <span class='ocr_line' id='line_1_36' title="bbox 7 2482 483 2556; baseline -0.002 -16"><span class='ocrx_word' id='word_1_257' title='bbox 7 2482 8 2540; x_wconf 62' lang='grc' dir='ltr'>ἒ</span> <span class='ocrx_word' id='word_1_258' title='bbox 89 2492 132 2540; x_wconf 90' lang='lat' dir='ltr'><strong>eis</strong></span> <span class='ocrx_word' id='word_1_259' title='bbox 143 2489 247 2541; x_wconf 82' lang='lat' dir='ltr'><strong>factum</strong></span> <span class='ocrx_word' id='word_1_260' title='bbox 258 2495 310 2550; x_wconf 81' lang='lat' dir='ltr'><strong>est,</strong></span> <span class='ocrx_word' id='word_1_261' title='bbox 321 2494 350 2539; x_wconf 88' lang='lat' dir='ltr'><strong>et</strong></span> <span class='ocrx_word' id='word_1_262' title='bbox 358 2503 483 2556; x_wconf 83' lang='lat' dir='ltr'><strong>vespera.</strong></span> 
     </span>
     <span class='ocr_line' id='line_1_37' title="bbox 7 2554 890 2624; baseline 0 -18"><span class='ocrx_word' id='word_1_263' title='bbox 7 2568 8 2575; x_wconf 56' lang='lat'>¹</span> <span class='ocrx_word' id='word_1_264' title='bbox 140 2557 170 2607; x_wconf 86' lang='lat' dir='ltr'><strong>C.</strong></span> <span class='ocrx_word' id='word_1_265' title='bbox 184 2555 312 2606; x_wconf 78' lang='lat' dir='ltr'><strong>xxxvi.</strong></span> <span class='ocrx_word' id='word_1_266' title='bbox 345 2554 414 2607; x_wconf 85' lang='lat' dir='ltr'><strong>Dies</strong></span> <span class='ocrx_word' id='word_1_267' title='bbox 435 2563 528 2608; x_wconf 86' lang='lat' dir='ltr'><strong>autem</strong></span> <span class='ocrx_word' id='word_1_268' title='bbox 546 2559 679 2624; x_wconf 85' lang='lat' dir='ltr'><strong>septimus</strong></span> <span class='ocrx_word' id='word_1_269' title='bbox 699 2561 759 2610; x_wconf 86' lang='lat' dir='ltr'><strong>sine</strong></span> <span class='ocrx_word' id='word_1_270' title='bbox 772 2571 890 2624; x_wconf 84' lang='lat' dir='ltr'><strong>vespera</strong></span> 
     </span>
     <span class='ocr_line' id='line_1_38' title="bbox 89 2617 953 2691; baseline 0 -17"><span class='ocrx_word' id='word_1_271' title='bbox 89 2629 142 2686; x_wconf 86' lang='lat' dir='ltr'><strong>est,</strong></span> <span class='ocrx_word' id='word_1_272' title='bbox 162 2621 317 2675; x_wconf 80' lang='lat' dir='ltr'><strong>nechabet</strong></span> <span class='ocrx_word' id='word_1_273' title='bbox 338 2636 479 2688; x_wconf 84' lang='lat' dir='ltr'><strong>occasum,</strong></span> <span class='ocrx_word' id='word_1_274' title='bbox 500 2625 565 2691; x_wconf 88' lang='lat' dir='ltr'><strong>quia</strong></span> <span class='ocrx_word' id='word_1_275' title='bbox 575 2617 755 2676; x_wconf 78' lang='lat' dir='ltr'><strong>sanctificasti</strong></span> <span class='ocrx_word' id='word_1_276' title='bbox 776 2625 889 2676; x_wconf 85' lang='lat' dir='ltr'><strong>eumad</strong></span> <span class='ocrx_word' id='word_1_277' title='bbox 949 2633 953 2644; x_wconf 90' lang='lat'><strong><em>‘</em></strong></span> 
     </span>
    </p>
   </div>
   <div class='ocr_carea' id='block_1_11' title="bbox 0 0 1030 2925">
    <p class='ocr_par' dir='ltr' id='par_1_11' title="bbox 0 0 1030 2925">
     <span class='ocr_line' id='line_1_39' title="bbox 0 0 1030 2925; baseline 0 0"><span class='ocrx_word' id='word_1_278' title='bbox 0 0 1030 2925; x_wconf 95' lang='lat' dir='ltr'><strong> </strong></span> 
     </span>
    </p>
   </div>
  </div>
 </body>
</html>
