2050 2925
67 911 72 921 ,
144 883 265 923 oramen
276 876 347 923 etca

138 99 190 155 aar
257 125 260 128 -
338 101 505 160 ⁴tumtun
522 66 743 159 lucubrum
807 132 812 139 κ

62 211 67 223 “
104 207 106 211 ’
138 202 499 269 bominibusintimatam,ut
508 208 696 275 adpellaretur
704 213 779 259 terra
787 192 946 259 invisibills

120 278 122 282 '
138 272 379 340 etincompositai
521 276 522 279 ’
668 279 672 283 ’

193 338 222 391 c.
239 338 271 391 V.
308 342 342 391 Ut
355 341 457 393 cumin
471 340 505 393 ea
519 340 628 409 quaerit
637 338 786 407 cogitatio,
800 337 865 405 quid
876 352 944 389 sen-

141 420 189 457 sus
201 407 341 474 adtingat,
355 415 385 459 et
397 408 465 459 dicit
477 409 542 460 sibi:
560 422 617 459 non
630 413 674 458 est
686 406 871 472 intelligibilia
882 404 947 457 for-

141 488 196 535 ma,
207 474 280 524 sicut
288 476 354 536 vita,
364 476 437 526 sicut
445 475 561 537 iustitia,
573 476 638 541 qula
649 474 777 525 materies
789 478 832 523 est
841 486 948 539 eorpo-

139 554 215 602 rum3
234 555 323 607 neque
341 542 495 603 sensibilis,
516 544 645 607 quoniam
665 540 741 607 quod
753 539 948 601 videatur,„et

140 605 217 672 quod
235 609 371 657 sentiatur
388 608 417 657 in
429 608 564 658 invisibili
575 613 604 658 et
617 609 802 672 incomposita
814 619 869 656 non
885 612 946 655 ert:

141 672 207 723 dum
220 673 276 723 sibi
288 672 357 723 baec
371 672 440 723 dicit
454 671 573 725 bumana
586 674 735 740 cogitatio,
751 678 866 723 conetur
879 686 948 723 eam

141 739 188 790 vel
198 753 280 789 nosse
290 739 454 806 ignorando,
464 741 510 790 sel
519 736 650 806 ignorare
660 740 812 791 noscendo.

144 828 149 838 ·
194 802 282 855 (LVI.
315 805 339 854 Ε
359 806 600 869 overo,llemine,
611 807 636 857 si
646 812 735 859 totum
745 806 881 859 confitear
890 805 948 857 tibi

261 935 266 942 ῃ
339 820 420 925 ffnmo
429 888 502 938 meo,
513 872 649 942 quidquid
659 875 694 925 de
703 874 758 929 ista
766 873 884 925 materia
894 872 947 923 do·

142 939 226 989 ruisti
238 953 295 1002 me,
308 940 387 992 euius
400 945 484 993 antea
495 956 596 1001 nomen
611 940 726 991 audiens
735 946 766 990 et
773 954 830 991 non
838 938 947 989 intelli·

143 1020 222 1073 gens,
232 1008 407 1060 narrantibus
417 1007 486 1062 mibi
495 1010 536 1061 eis
547 1009 594 1075 qui
604 1023 660 1060 non
670 1008 867 1073 intelligerent,
879 1019 947 1057 eam

143 1088 206 1124 eum
224 1074 370 1140 speciebus
387 1076 538 1142 innumeris
560 1081 588 1125 et
605 1075 689 1125 variis
705 1074 871 1141 cogitabam.
907 1072 949 1123 Et·

141 1140 209 1191 ideo
228 1156 284 1191 non
302 1154 364 1193 eam
380 1144 551 1210 cogitabam
567 1141 667 1193 foedas
681 1148 710 1193 et
722 1139 872 1192 horribiles
885 1138 945 1190 ior-

142 1220 203 1257 mas
216 1207 383 1271 perturbatis
397 1210 540 1275 ordinibus
551 1209 681 1262 volvebat
691 1210 811 1270 animus,
825 1206 874 1257 sed
885 1204 946 1259 for·

143 1287 202 1322 mas
215 1279 319 1335 tamen3
337 1280 367 1340 et
375 1272 495 1327 informe
508 1275 696 1340 adpellabam,
709 1289 765 1325 non
778 1274 853 1340 qued
864 1286 946 1323 eare-

142 1344 188 1388 ret
199 1338 301 1399 forma,
316 1340 367 1390 sed
379 1341 454 1406 quod
466 1342 551 1393 talem
564 1336 691 1405 baberet,
704 1348 735 1391 ut
748 1344 773 1392 si
785 1340 945 1407 adpareret,

142 1404 287 1458 insolitum
296 1402 325 1455 ei
333 1407 515 1475 incongruum
525 1414 700 1459 aversaretur
708 1418 807 1458 sensus
816 1422 905 1470 meus,
916 1415 948 1457 et

143 1472 359 1525 conturbaretur
369 1475 514 1528 infirmitas
527 1474 655 1532 hominis.
689 1475 792 1528 Verum
806 1483 898 1526 autem
911 1475 946 1524 il-

143 1539 205 1602 lud,
219 1539 294 1608 quod
309 1542 479 1608 cogitabam,
491 1558 547 1594 non
559 1543 714 1610 priratione
725 1543 814 1603 omnir
824 1541 944 1603 formae,

143 1607 196 1657 sed
205 1611 413 1674 comparatione
422 1609 620 1662 formosiorum
627 1615 691 1661 erat
697 1608 829 1662 informer
841 1616 871 1660 et
880 1619 946 1659 sua-

145 1673 301 1726 debatvera
309 1677 429 1739 ratio,ut
439 1680 528 1728 omnis
537 1677 644 1730 formae
654 1677 869 1744 qualescumque
878 1675 945 1726 reli·

145 1741 226 1806 quius
235 1743 348 1793 omnino
359 1743 543 1807 detraherem,
553 1745 578 1796 si
588 1743 688 1796 vellem
697 1756 811 1810 prorsus
821 1742 944 1794 informe

146 1809 284 1874 cogitare;
306 1816 335 1860 et
355 1825 412 1861 non
432 1817 568 1878 poteram.
605 1812 693 1862 Citius
713 1813 786 1861 enirn
803 1824 860 1861 non
878 1823 943 1861 esse

71 1895 76 1898 ·
146 1874 306 1938 censebam,
337 1877 394 1927 uod
406 1879 482 1928 omni
494 1878 584 1929 lomna
593 1879 760 1944 privaretur,
775 1891 857 1944 quam
866 1877 944 1943 cogi·

46 1977 51 1992 .
67 1946 74 1953 “
91 1996 96 2002 l
144 1941 238 1995 tabam
251 1943 316 2007 quid
352 1958 380 1994 m
391 1946 465 1996 inter
477 1945 625 2003 formatum
640 1952 669 1996 et
680 1942 764 2007 nibil,
776 1959 828 1995 nec
838 1943 945 1994 :torma

38 2396 43 2414 '
145 2407 270 2457 eumdem

140 2014 202 2060 tum
212 2021 264 2058 nec
274 2007 480 2072 nihibinlorme
490 2027 576 2079 prope
587 2010 664 2062 nibil.
690 2011 946 2064 Etcessaritmens

144 2087 208 2123 mea
216 2074 389 2143 interrogare
399 2077 463 2128 hinc
473 2079 599 2144 spiritum
609 2094 712 2141 meum,
724 2079 837 2146 plenum
846 2077 945 2144 imagi-

145 2141 226 2190 nibus
236 2140 418 2194 formatorum
429 2157 589 2211 corporum,
600 2152 629 2200 et
639 2159 686 2196 eas
696 2159 746 2212 pro
758 2145 875 2196 arbitrio
885 2159 932 2196 mu

143 2213 248 2257 tantem
262 2213 344 2275 atque
357 2211 522 2276 variantem3
542 2219 570 2264 et
581 2209 688 2264 intendi
700 2213 729 2262 in
741 2214 803 2278 ipsa
812 2225 944 2292 corpora,

146 2285 294 2340 eorumque
304 2276 518 2330 mutabilitatem
527 2281 610 2330 altius
619 2279 738 2345 inspexi,
748 2293 803 2344 qua
812 2277 945 2328 desinunt

146 2354 209 2390 esse
224 2341 297 2406 quod
306 2342 429 2406 fuerant,
440 2351 472 2396 et
482 2347 536 2401 inci
557 2348 618 2397 iunt
627 2361 689 2398 esse
700 2345 776 2412 quod
784 2359 841 2395 non
851 2349 944 2405 erant3

292 2420 325 2462 ue
336 2411 481 2463 transitum
489 2413 523 2475 de
533 2360 623 2464 l‘ornra
632 2414 661 2463 in
670 2411 786 2464 formam
796 2425 847 2478 per
855 2408 945 2460 infor·

144 2485 188 2524 me
208 2424 336 2542 quirion
353 2478 415 2529 lieri
432 2483 588 2545 suspicatus
605 2495 678 2542 sum,
695 2493 750 2530 non
766 2491 816 2543 per
829 2477 944 2528 omnino

145 2539 225 2603 nibil;
245 2544 295 2594 sed
305 2558 390 2594 nosse
402 2545 558 2618 cupiebam,
574 2561 628 2596 non
639 2546 784 2612 suspicari.
819 2545 856 2594 Et
866 2543 945 2594 sito-

144 2607 205 2656 tum‘
214 2609 266 2659 tibi
278 2611 443 2662 confiteatur
456 2627 510 2664 vox
524 2619 552 2664 et
560 2612 641 2664 stilus
655 2627 746 2675 meus,
762 2609 896 2678 quidquid
909 2609 947 2662 de
