2050 2925
203 118 524 175 coNFEsslon'um
545 119 668 173 LlBllll
685 120 726 173 X(
813 120 861 173 195
929 136 933 141 ’

59 218 137 270 diem
149 218 243 284 fuero,
256 219 551 286 multimodoadlapsu
559 221 700 273 blanditur
709 220 776 273 mihi
787 221 862 274 aliud

59 288 166 353 agenti,
178 294 207 337 et
216 302 276 338 eam
286 302 342 337 non
352 287 517 337 advertenti.
545 286 670 340 Insinuat
680 296 771 339 autem
783 302 813 339 e
823 291 863 340 ita
947 303 954 313 ‘

59 351 252 424 vehementers,
267 360 298 404 ut
311 355 337 405 si
349 360 464 419 repente
478 352 744 418 subtralratur‚.eum
755 355 863 415 deside·

59 420 106 469 rio
117 422 285 487 requiratur3
304 425 332 469 et
341 422 367 471 si
376 420 425 472 diu
434 419 520 481 absit,
535 422 683 471 contristat
692 418 821 471 animum}
840 421 863 471 0

59 487 123 550 lus,
142 501 223 553 quam
243 486 355 537 videbat
368 486 488 547 Tobiae,
502 500 570 539 ,oum
583 486 685 537 clausis
700 488 790 537 oeulis
803 488 865 539 istis
918 546 924 553 .

61 554 151 603 lilium
161 552 281 603 docebat
290 554 364 603 vitae
374 553 461 616 viam,
472 557 501 603 et
511 553 538 603 ei
548 553 675 620 praeibat
685 552 755 619 pede
767 556 865 605 carita-

59 619 100 671 tis
111 634 243 686 nusquam
253 634 361 670 errans:
377 625 425 671 aut
434 634 515 687 quam
525 620 639 671 videbat
647 620 727 671 Isaac
735 634 864 687 praegra·
950 659 953 663 J

60 687 135 737 vatis
146 694 175 737 et
184 686 289 751 opertis
299 691 444 736 senectute
454 686 732 749 carneis-luminibus,
743 701 804 737 eum
815 686 866 737 tili-

62 768 98 804 os
119 767 174 803 non
196 751 375 819 agnoscendo
398 751 578 814 benedicere,
601 752 652 804 sed
673 754 865 821 benedieepdo
888 802 895 806 .

60 833 217 886 agnoscere
230 822 343 870 meruit:
361 824 410 870 aut
422 834 503 885 quam
516 820 628 870 videbat
642 819 741 881 laceb,
762 836 823 871 eum
837 828 867 871 et
922 866 931 878 „

58 888 124 952 ipse
139 901 205 953 prae
219 886 318 954 grandi
331 891 424 936 aetate
438 891 535 951 eaptus
551 887 652 948 oculis,
666 886 696 937 in
709 886 774 937 filiis
787 901 866 951 prae-

61 951 370 1019 signataiuturipopuli
400 950 631 1003 eneraluminoso
643 951 866 1016 corderadiavit,

62 1025 94 1072 et
108 1020 255 1085 nepotibus
269 1021 328 1071 suis
342 968 493 1083 exgloseplr
507 1016 621 1087 direuas
634 1019 754 1082 mystice
769 1034 866 1071 uranus
885 1010 892 1021 ‘

60 1101 121 1138 non
131 1086 203 1137 sieut
211 1092 291 1151 pater
301 1099 398 1136 eorum
407 1082 477 1134 foris
489 1083 658 1149 corrigebat,
665 1084 715 1135 sed
725 1084 866 1151 sicutipse
892 1089 896 1094 “

61 1156 139 1205 intus
150 1150 339 1212 discernebat,
349 1150 494 1217 imposuit!
512 1150 577 1217 Ipsa
586 1156 629 1201 est
638 1149 699 1213 lux,
709 1165 764 1201 una
775 1158 827 1215 est,
839 1157 870 1201 et

54 1224 149 1271 buum
163 1232 259 1269 omnes
277 1220 325 1284 qui
337 1206 437 1267 viden,
446 1223 475 1267 et
489 1222 583 1267 amant
595 1231 664 1267 eam.
691 1216 733 1267 ’At
742 1218 797 1267 ista
807 1232 867 1268 cor·

60 1285 182 1354 por-alis,
202 1287 236 1337 de
250 1300 306 1352 qua
316 1283 464 1351 loquebar,
483 1283 652 1335 illecebrosa
665 1298 697 1335 ae
708 1284 868 1350 periculosa
937 1314 943 1337 ι

62 1352 213 1405 dulcedine
233 1352 329 1403 condit
346 1351 431 1402 vitam
449 1349 556 1403 saeculi
574 1351 666 1401 caecis
687 1351 866 1403 amatoribus.

62 1419 121 1481 Qui
131 1425 223 1484 autern
233 1425 262 1470 et
272 1418 306 1470 de
316 1420 379 1484 ipsa
388 1417 502 1482 laudare
510 1416 540 1468 te
550 1423 661 1479 norunt,
669 1415 745 1470 Deus
756 1424 869 1470 creator

64 1487 199 1545 omnium,
219 1486 366 1537 adsumunt
390 1499 450 1536 eam
472 1488 502 1538 in
516 1483 619 1550 hymno
632 1490 695 1546 tuo,
717 1500 773 1535 non
787 1485 867 1536 absu-

62 1559 177 1606 muntur
186 1553 220 1602 ab
230 1552 303 1602 eain
312 1565 410 1602 somno
421 1565 486 1602 suo:
504 1552 546 1600 sio
557 1563 618 1600 esse
630 1551 720 1616 cupio.
754 1548 867 1602 Resisto
880 1581 895 1588 -

16 1621 23 1626 '
63 1618 276 1673 seductionibus
290 1616 447 1678 oculorum,
464 1630 500 1666 ne
515 1616 692 1682 implicentur
703 1616 789 1681 pedes
804 1618 868 1678 mei,
942 1667 944 1671 ,
1008 1660 1017 1668 .

64 1685 168 1754 quibus
180 1683 325 1749 ingredior
338 1683 411 1732 riam
421 1687 511 1744 tuam3
530 1687 558 1734 et
568 1681 648 1748 erigo
661 1681 697 1731 ad
705 1688 732 1732 te
743 1682 868 1736 invisibi-

63 1757 111 1806 les
127 1750 238 1811 oculos,
252 1754 324 1800 uttu
334 1746 439 1799 evellas
448 1748 483 1799 de
494 1749 595 1814 laqueo
605 1746 692 1813 pedes
701 1763 788 1800 meos.
825 1749 868 1802 Tu

63 1816 183 1878 subinde
198 1816 369 1878 evelliseos3
386 1816 509 1866 namilla
528 1821 654 1867 ueantur.
690 1815 867 1874 'l'unonees-
907 1821 909 1828 ’

65 1903 114 1940 sas
133 1883 268 1945 evellere,
289 1895 343 1950 ego
363 1888 455 1933 autem
475 1897 522 1934 ore
542 1896 574 1932 ro
594 1880 697 1937 haereo
717 1883 746 1933 in
765 1882 867 1949 ubique

65 1953 171 2020 sparsis
180 1950 303 2014 insidiis5
319 1950 449 2016 quoniam
458 1964 515 2000 nou
526 1949 656 2011 donnons,
667 1949 867 2016 nequedormi·
943 1999 948 2004 .

63 2020 149 2081 tabis,
159 2018 206 2085 qui
216 2017 341 2069 custodis
350 2016 445 2068 lsrael
467 2017 775 2077 Quaminnumerabilia
783 2017 867 2069 variis
895 2054 900 2059 -

65 2087 174 2139 artibus
188 2091 217 2135 et
233 2084 353 2152 opificiis
365 2084 395 2134 in
409 2084 545 2148 vestibus,
560 2083 767 2146 calceamentis,
782 2085 867 2148 vasis,

66 2161 96 2205 et
115 2153 304 2204 cuiuscemodi
317 2150 562 2215 fabricationibus,
580 2152 695 2218 picturis
710 2153 805 2213 etiam,
827 2151 867 2202 di·

65 2219 211 2285 versisque
223 2219 375 2286 tigmentis,
391 2225 474 2286 atque
485 2217 529 2269 his
538 2234 618 2270 usum
627 2219 867 2274 neeessariamae

67 2300 121 2354 qne
134 2286 307 2336 moderatum
320 2291 350 2336 et
358 2287 431 2352 piam
441 2285 673 2352 significationem
683 2285 767 2350 longe
777 2289 866 2333 trans-

67 2353 275 2421 gredientibus,
286 2350 452 2404 addiderunt
461 2351 589 2405 homines
598 2353 633 2404 ad
643 2350 791 2403 illecebras
802 2362 866 2397 oeu-

64 2421 167 2480 lorum‚
175 2417 252 2469 foras
260 2425 409 2484 sequentes
420 2420 495 2484 quod
504 2417 700 2480 faciunt2intus
711 2415 866 2490 relinquen3

42 2493 46 2498 “
65 2493 149 2538 tesa
166 2488 221 2552 qu'o
241 2482 309 2535 laeti
328 2491 404 2547 sunt,
424 2491 453 2536 et
470 2486 686 2536 exterminantes
705 2479 779 2547 quod
798 2479 865 2528 iactr

67 2557 140 2604 sunt.
170 2553 206 2602 nt
217 2564 280 2618 ego,
288 2547 367 2600 Deus
376 2565 454 2602 meus
465 2557 494 2602 et
503 2551 588 2605 deeus
597 2565 697 2610 meum,
708 2546 792 2596 etiam
803 2541 867 2593 bine

68 2621 133 2672 dico
147 2618 202 2669 tibi
210 2613 340 2684 hynunum
345 2654 354 2682 ,
369 2622 399 2670 et
408 2619 536 2672 sacrifico
546 2616 661 2736 laudffi
667 2609 868 2678 sanctificatori
892 2623 896 2630 ¹
1016 2619 1019 2624 ·
