2050 2925
213 141 717 225 coNFEsslorrummasur.
831 151 871 201 ,lt
946 154 949 163 ⁴

46 242 175 297 ventosi
192 238 271 295 itane
281 244 358 295 aliud
369 260 425 296 non
436 252 505 307 erat,
515 246 564 297 ubi
574 232 870 318 exerceremringeni}

49 328 98 363 um
110 319 141 362 et
152 310 252 378 lingua
261 311 338 363 meai
348 312 460 363 Laudes
470 319 544 375 tuae,
551 312 686 381 Domine,
696 316 793 369 laudes
803 324 869 369 tuae

47 395 101 447 per
124 378 282 444 scripturas
304 385 367 429 tuas
390 380 593 455 suspenderent
614 383 758 450 palmitem
773 384 883 436 cordis

48 447 122 509 mei,
148 454 180 495 et
202 460 259 497 non
281 452 427 506 raperetur
445 460 494 507 per
511 447 607 499 inania
624 465 761 517 nugarum
775 451 866 517 turpis

47 514 161 580 praeda
175 511 351 566 volatilibus.
374 512 437 564 Non
448 513 522 563 eninr
532 530 588 567 uno
597 517 681 569 modo
693 518 868 569 sacrificatur

45 579 312 645 transgressoribus
326 594 360 631 an
382 579 444 631 elis.

26 713 33 718 .
102 645 256 698 uxvul.
293 594 864 721 Quidaute'mmirum,quodinua·
896 667 899 679 ¹

46 718 183 766 nitates
197 714 246 764 ita
259 711 410 777 ferebar,
426 718 458 765 et
475 713 645 778 ate‚De'us
659 734 764 782 meus,
778 718 865 768 ibam

46 782 157 843 foras,
173 780 303 847 quando
317 780 399 831 mihi
411 782 568 833 imitandi
582 786 866 855 proponebantur
934 778 938 788 ’
974 780 992 804 '

47 848 222 909 homines,
252 849 304 915 qui
325 848 438 915 eliqua
456 848 551 900 faeta
569 868 630 903 sua
645 868 708 906 non
726 854 811 904 mala
835 852 865 903 si
891 865 899 877 ‘

48 932 125 968 cum
151 915 359 966 barbarismo
390 922 446 967 aut
473 916 682 971 soloecismo
708 919 863 970 enuntia-

47 980 361 1048 rent‚'reprelrensi
375 983 686 1050 confundeb2antur3
705 988 733 1036 si
750 994 863 1036 autem

48 1050 220 1102 libidines
238 1053 314 1100 suas
332 1049 481 1117 integris
497 1052 610 1101 etrite
626 1053 863 1119 consequenti·

46 1121 117 1170 bus
145 1116 258 1168 verbis
285 1118 427 1183 copiose
459 1124 644 1184 ornateque
675 1124 863 1180 narrarent,

46 1184 188 1239 laudati
209 1182 461 1251 gloriabanturl
478 1182 565 1235 Vides
580 1185 661 1250 baec,
680 1184 815 1250 Domine,
836 1198 865 1236 et

46 1262 147 1313 taces,
170 1252 338 1319 longanimis
359 1259 388 1302 et
405 1250 522 1301 multum
540 1253 702 1306 misericors
722 1262 752 1305 et
769 1269 863 1306 verax.

46 1318 194 1385 Numquid
218 1333 328 1386 semper
351 1318 475 1370 taoebisl
496 1319 533 1371 Et
554 1336 628 1372 nunc
651 1324 726 1373 eruis
751 1322 786 1373 de
809 1320 864 1372 hoc

45 1385 253 1439 immanissimo
279 1384 419 1455 profundo
444 1394 624 1453 quaerentem
646 1396 676 1441 te
697 1391 865 1441 animantes

48 1456 197 1508 sitientem
213 1453 415 1506 delectationes
430 1460 506 1518 tuas,
523 1462 551 1507 et
566 1457 644 1508 cuius
660 1472 710 1508 cor
720 1457 792 1508 dioit'
798 1456 863 1508 tibi:
896 1507 899 1513 ,

48 1520 175 1592 quaesiui
187 1523 287 1573 voltum
302 1529 389 1583 tuam,
409 1523 509 1573 cultam
524 1531 612 1584 tuum,
631 1523 761 1586 Domine,
776 1522 864 1590 requi·

47 1590 130 1643 raml
150 1588 209 1650 (rs.
222 1591 263 1652 27,
274 1591 311 1655 8.)
339 1589 418 1639 lNam
434 1591 519 1656 longe
534 1605 551 1639 a
563 1591 643 1642 vultu
652 1598 701 1641 tuo
712 1592 740 1640 i'n
751 1590 869 1641 adfectu
912 1612 926 1641 x.

45 1657 215 1710 tenebroso.
243 1655 311 1708 Non
332 1657 404 1708 enim
423 1655 543 1723 pedibus
563 1663 611 1708 aut
625 1656 724 1723 spatiis
737 1658 865 1707 locorum

46 1727 110 1776 itur
119 1723 170 1774 abs
180 1730 218 1786 te,
229 1731 277 1774 aut
286 1725 393 1778 reditur
404 1723 438 1775 ad
449 1730 486 1774 te.
515 1725 570 1774 Aut
577 1738 645 1774 vero
656 1723 730 1773 filius
740 1723 789 1772 ille
799 1728 863 1773 tuus
908 1758 917 1777 „

46 1795 145 1845 nrinor
160 1805 247 1858 equos
258 1798 306 1842 aut
316 1803 413 1842 currus
422 1791 468 1842 vel
477 1805 563 1843 nares
575 1790 725 1856 quaesivit,
741 1796 790 1841 aut
799 1803 864 1840 avo-

47 1860 123 1911 lavit
137 1873 230 1926 penna
242 1858 363 1920 risibili,
378 1865 427 1910 aut
440 1863 518 1908 moto
533 1857 640 1925 poplite
651 1858 706 1907 iter
716 1857 784 1924 egit,
793 1863 825 1908 ut
834 1856 863 1906 in

49 1928 209 1993 longinqua
220 1927 344 1994 regione
358 1927 455 1978 vivens
470 1926 594 1993 prodige
606 1924 768 1992 dissiparet,
784 1924 865 1991 quod

50 1993 174 2045 dederas
184 1992 389 2060 proficiscentil
406 1992 506 2044 Dulcis
516 2001 609 2059 pater,
621 1991 686 2060 quia
696 1991 823 2055 dederas,
835 1999 864 2043 et

51 2075 145 2128 egeno
159 2059 290 2111 redeunti
305 2060 422 2112 dulcior.
458 2059 488 2109 ln
499 2059 612 2111 adfectu
623 2073 692 2126 ergo
699 2059 862 2120 libidinoso,

49 2129 82 2178 id
92 2127 167 2178 enim
178 2133 222 2178 est
230 2127 396 2188 tenebroso,
411 2133 493 2193 atque
504 2127 533 2178 id
543 2128 680 2244 estlonge
691 2128 795 2178 arultu
804 2124 863 2178 tu'o.
918 2136 940 2149 a*
953 2184 960 2200 Ι

50 2194 141 2256 Vide,
151 2192 272 2245 Domine
281 2195 369 2257 Deus,
381 2200 409 2244 et
418 2195 566 2261 patienter,
573 2200 605 2245 ut
613 2195 642 2245 ri
663 2209 702 2258 es,
712 2195 785 2258 ride,
815 2207 864 2243 uo·

49 2262 139 2314 modo
154 2259 304 2328 diligenter
320 2262 470 2314 observent
484 2261 536 2311 lilii
549 2259 690 2312 bominum
704 2268 787 2327 pacta
796 2209 863 2311 iite-

49 2343 148 2380 rarum
163 2333 193 2379 et
207 2329 392 2394 syllabarum,
413 2333 530 2397 accepta
543 2343 560 2378 a
574 2329 714 2396 prioribus
727 2326 861 2378 locutori-

50 2395 118 2459 bus,
134 2403 164 2448 et
177 2409 196 2446 a
209 2401 238 2446 te
253 2404 368 2464 accepta
383 2403 497 2448 aeterna
510 2405 593 2462 pacta
601 2400 752 2462 perpetuae
762 2392 862 2445 salutis

51 2465 208 2532 negligant,
222 2465 306 2530 utqui
312 2464 600 2516 illasonorumvetera
608 2463 865 2530 placitateneataut

53 2530 169 2594 doceat,
185 2527 211 2582 si
225 2536 324 2583 contra
337 2531 512 2597 disciplinam
525 2527 800 2596 grammaticamsine
817 2523 864 2573 ad·

52 2598 608 2668 spirationeprimaesyllabaeominem
623 2589 862 2654 dixeritdispll·
908 2648 910 2658 Ι

52 2673 117 2718 reat
133 2668 224 2732 magis
236 2663 410 2734 hominibus,
425 2669 506 2733 quam
517 2663 543 2722 si
552 2667 650 2714 contra
658 2665 707 2708 tua
715 2659 865 2722 praecepta

85 2742 224 2786 duabsu.
243 2739 391 2786 derrasse
522 2788 532 2830 ι
629 2726 655 2776 Β
