2050 2925
79 149 86 156 “
141 122 183 151 ’·
229 142 776 200 cossussrouunamnovu.
854 148 903 197 ror

98 250 225 313 peram,=
234 245 298 296 non‘
309 247 587 313 quidem'abouerem
601 251 741 300 coniicere
755 264 786 299 ac
800 248 905 311 dicere,

100 314 184 379 quod
191 315 906 383 nutanti‘occurrebat‚sedtamonsubiicerem‚propc

99 382 163 430 iam
172 393 235 430 esse
245 378 314 430 mibi
323 382 617 445 persuasum,ridicula
627 396 689 433 esse
699 382 748 433 illa
758 389 786 432 et
799 385 904 433 inania:

64 451 77 457 “
98 453 166 496 tum
178 446 227 496 ille
240 444 308 497 mihi
320 449 453 508 narravit,
466 453 574 512 patrem
583 464 663 499 suum
672 448 759 501 luisse
771 449 905 499 librorum

99 513 206 575 talium
215 514 442 575 curiosissimum,
451 518 480 563 et
490 512 748 565 habuisseamicum
759 528 847 581 aeque
856 514 906 565 illa

101 580 246 645 sinrulque
255 584 417 641 sectantem,
426 581 474 645 qui
483 582 544 645 pari
554 582 646 631 studio
658 586 686 632 et
696 582 847 633 collatione
857 578 905 631 ssa·
965 609 968 617 ι

100 647 204 697 tabant
214 648 242 695 in
253 660 301 696 eas
310 660 398 712 nugas
407 648 500 712 ignem
508 647 603 698 cordis
614 649 666 709 sui,
676 650 717 699 ita
727 653 757 698 ut
766 652 905 703 mutorum

103 727 220 780 quoque
234 712 404 775 animalium,
418 715 442 764 si
453 727 523 780 quae
535 714 609 765 domi
619 720 761 779 parerent,
776 715 907 765 observa·
990 747 998 765 ,

100 786 172 831 rent
186 784 326 830 momenta
333 782 522 846 *nascentium.‚
540 785 622 847 atque
640 781 675 831 ad
690 792 723 831 ea
735 784 906 847 positionem

104 846 342 908 coeli-notarent,
361 846 434 897 unde
450 846 526 897 illius
541 850 620 913 quasi
634 850 702 899 artis
717 851 907 915 experimenta

103 912 283 979 colligerent.
318 912 414 979 ltaque
428 913 552 975 dicebat,
566 915 677 965 audisse
688 929 718 965 se
729 922 832 980 apatre
843 929 904 975 suo,

103 980 184 1046 quod
194 994 256 1029 cum
265 979 546 1037 eumdemFirminum
574 993 711 1047 raegnans
721 988 809 1031 mater
819 987 904 1041 esset,

104 995 906 1116 etiam'illiuspaterniamicifamuffaquaedamparitcrute-

102 1128 139 1164 ro
157 1112 372 1179 grandescebat,
390 1112 465 1179 quod
480 1112 568 1162 latere
583 1128 637 1162 non
649 1115 742 1179 potuit
757 1113 905 1173 dominum,

105 1182 155 1248 qni
170 1176 256 1233 etiam
266 1194 364 1229 sanum
373 1192 483 1229 suarum
494 1183 589 1245 partus
601 1182 836 1232 examinatissima
845 1180 906 1231 dili·
937 1220 942 1227 .

105 1248 205 1313 gentio
216 1260 300 1297 nosse
314 1245 440 1295 curabat:
456 1252 542 1312 atque
552 1248 592 1296 ita
601 1244 705 1297 fuctum
715 1260 790 1309 esse,
804 1252 834 1298 ut
845 1262 907 1297 cum

104 1315 163 1364 iste
174 1314 257 1363 coniu
279 1313 366 1375 ‘s,ille
377 1317 470 1361 autem
478 1313 596 1363 ancillae
607 1310 668 1364 dies
678 1323 707 1364 et
717 1313 809 1376 horas,
820 1316 906 1365 minu·
967 1374 968 1377 Ἴ

103 1382 251 1445 tioresquc
279 1392 390 1429 orarum
396 1380 530 1430 articulos
540 1382 700 1447 cautissima
710 1383 907 1433 observatione

105 1447 906 1510 numerarent,eoixaeessentambaesimul‚itauteasdem

106 1513 351 1575 constellationes,
366 1526 454 1579 usque
467 1513 504 1563 ad
517 1515 629 1564 easdem
639 1516 782 1576 minutias,
796 1517 906 1630 utl’iqlue

105 1582 235 1632 nascenti
252 1578 346 1630 facere
365 1586 545 1646 cogerentur,
563 1583 618 1630 iste
632 1579 704 1642 filio,
721 1581 770 1630 ille
784 1594 866 1636 servu
880 1596 906 1631 o.

105 1647 179 1700 Nam
187 1662 248 1698 oum
254 1647 385 1698 mulieres
393 1647 532 1713 parturire
543 1647 907 1713 coepissent,irrdioarerunt

106 1716 163 1767 sibi
176 1715 270 1776 ambo,
290 1713 357 1780 quid
368 1715 398 1767 in
411 1727 463 1763 sua
475 1713 608 1779 cuiusque
623 1713 705 1764 domo
719 1719 862 1780 ageretur,
878 1719 906 1762 et

105 1785 274 1850 paraverunt
292 1796 362 1847 quos
380 1778 417 1829 ad
434 1794 465 1829 se
477 1781 596 1830 invicem
607 1781 750 1830 mitterent
763 1781 857 1842 simul,
876 1785 908 1830 ut

107 1855 202 1900 natum
221 1847 294 1913 quod
312 1846 518 1914 parturiebatur
536 1852 612 1906 esset
631 1849 729 1913 cuique
742 1849 906 1917 nuntiatum,

108 1913 185 1984 quod
198 1920 289 1963 tamen
300 1919 331 1963 ut
343 1914 476 1981 continuo
485 1916 669 1976 nuntiaretur,
680 1920 819 1982 tamquam
828 1916 857 1965 in
864 1929 906 1964 re·

108 1996 163 2049 gno
174 1995 226 2038 suo
236 1978 319 2030 facile
330 1977 497 2041 effecerant.x
520 1980 609 2048 Atque
619 1982 660 2032 ita
670 1983 716 2047 qui
726 1982 759 2032 ab
770 1981 905 2032 alterutro

107 2050 276 2108 missisunt,
290 2053 347 2096 tam
360 2060 395 2097 ex
408 2047 520 2113 paribus
535 2047 679 2098 domorum
687 2049 841 2100 intervallis
852 2050 907 2100 sibi
960 2061 965 2066 ·

109 2117 219 2167 obviam
228 2112 318 2163 iactos
330 2127 392 2164 esse
403 2114 558 2176 dicebat,ut
567 2115 648 2166 aliam
658 2117 824 2182 positionem
835 2115 907 2166 side·

109 2199 178 2244 rum,
185 2182 310 2246 aliasque
320 2181 471 2247 particulas
480 2187 693 2244 momentorum,
703 2189 802 2232 neuter
812 2196 908 2232 eorum

109 2257 207 2302 notare
227 2249 373 2298 sineretur.
407 2247 443 2298 Et
461 2252 554 2298 tamen
566 2247 705 2299 Firminus
724 2249 814 2315 amplo
834 2246 908 2312 apud

109 2333 177 2369 suos
186 2317 251 2367 loco
262 2321 351 2375 natus,
362 2314 550 2364 dealbatiores
560 2317 619 2366 vias
630 2316 736 2366 sacculi
746 2315 907 2373 cursitabat,

109 2385 264 2451 augebatur
283 2381 400 2446 divitiis,
415 2380 615 2432 sublimabatur
627 2380 791 2443 honoribus3
810 2382 907 2430 servus

110 2458 201 2503 autem
207 2449 256 2499 ille
265 2447 434 2498 conditionis
440 2449 507 2512 iugo
518 2448 676 2500 nullatenus
685 2449 810 2498 relaxato
822 2445 907 2496 domi·
936 2459 948 2508 g

109 2516 395 2584 nissersiebatsipso
408 2513 548 2577 indicante
563 2518 610 2582 qui
623 2520 738 2565 noverat
749 2527 818 2562 euni.
854 2511 907 2562 His

110 2591 204 2654 itaque
216 2582 325 2647 ,auditis
343 2586 372 2632 et
387 2581 502 2641 creditis
518 2583 594 2643 (talis
610 2583 709 2646 quippe
726 2583 908 2640 narraverat),

113 2657 200 2707 onmis
209 2653 260 2706 illa
268 2649 417 2701 reluctatio
427 2661 489 2700 mea
498 2649 624 2699 resoluta
633 2643 766 2709 concidit3
782 2652 810 2695 et
819 2647 907 2712 primo
