2050 2925
211 83 212 86 ‘
231 109 546 164 consossronom
563 110 685 187 prosu
700 114 748 165 ιι.Δ
830 72 887 165 ios-

80 213 223 281 propitius
240 213 291 264 iias
311 215 396 265 etiam
416 214 534 263 caeteris
549 213 675 265 omnibus
686 214 879 280 iniquitatibus
909 226 921 231 “

79 282 167 342 uncis,
180 286 208 331 et
218 294 300 331 sanes
312 295 408 330 omnes
417 280 567 347 languores
576 282 663 341 meos,
676 284 704 330 et
714 280 834 331 redimas
845 281 879 332 de

81 349 263 412 corruptione
275 348 360 397 vitam
373 361 475 408 meam,
493 352 523 397 et
535 360 654 397 corones
668 361 712 397 me
725 346 754 397 in
766 348 880 399 misera·

79 415 161 465 tione
172 420 206 470 ‚et
217 412 425 475 misericordia,
439 419 467 463 et
480 414 567 464 saties
580 412 700 463 inbonis
711 413 880 465 desiderium

72 478 186 545 'nseum3
215 480 263 545 qui
282 480 471 547 compressisti
489 494 507 529 a
527 480 628 529 timore
652 484 700 529 tuo
723 479 881 545 superbiam

77 561 185 607 nicam,
207 552 236 595 et
254 545 463 597 mansuefecisti
481 546 549 613 iugo
568 552 617 596 tuo
633 546 768 597 cervicem
781 561 879 598 meam.
944 584 949 588 -

78 613 119 681 lit
133 628 205 663 nuuc
216 619 301 677 porto
314 613 396 675 illud,
415 620 444 663 et
457 614 520 665 lene
536 617 579 665 est
593 611 673 676 mihi,
696 613 824 679 quoniam
839 614 881 665 sic

75 680 236 747 promisisti
250 685 278 730 et
291 678 399 745 iecisti;
418 686 446 730 et
458 693 525 744 uere
535 680 576 729 sic
586 684 660 743 erat,
675 685 704 730 et
713 680 880 744 nesciebam,

77 747 192 813 quando
203 745 234 796 id
241 746 335 797 subire
344 746 508 797 metuebam.
536 744 592 797 Sed
600 746 741 812 numquid,
751 745 880 810 Domine,

76 813 131 881 qui
140 814 218 864 solus
226 813 289 865 sine
299 811 386 882 typbo
398 814 561 875 dominaris,
570 814 634 881 quia
644 813 721 864 solus
732 828 812 865 verus
822 812 879 865 Do·

75 882 172 943 moinus
183 894 222 943 es,
230 881 342 950 quinon
353 878 440 931 habes
450 880 600 941 dominum,
608 879 739 945 numquid
749 878 803 931 hoc
813 896 880 948 quo·
906 916 926 927 -

76 962 136 1014 que
145 948 259 998 tertium
268 948 431 999 tentationis
441 962 529 1013 genus
541 946 660 996 cessavit
670 962 686 995 a
695 960 752 1007 me,
763 954 811 997 aut
821 962 879 998 ces-

76 1028 145 1065 sare
159 1015 191 1063 in
204 1012 256 1064 bac
266 1021 327 1065 tota
335 1014 393 1064 rita
401 1019 508 1079 potest:
527 1012 619 1061 timeri
629 1018 657 1062 et
667 1011 753 1061 amari
762 1013 834 1072 velle
845 1012 880 1063 ab
911 1022 922 1052 ⁴-

76 1080 254 1141 homiuibus‚
273 1093 329 1130 non
341 1086 455 1145 propter
467 1078 559 1139 aliud,
578 1076 628 1129 sed
641 1083 672 1129 ut
685 1078 750 1128 inde
764 1080 801 1129 sit
814 1094 880 1145 gau·

77 1149 171 1208 dium,
185 1145 259 1212 quod
268 1160 324 1196 non
334 1153 378 1196 est
388 1145 534 1211 gaudium‘i
551 1144 657 1195 Misera
664 1146 722 1195 rita
732 1152 775 1195 cst
785 1151 813 1195 et
821 1144 881 1196 ioe-

76 1216 119 1265 da
128 1213 271 1264 iactantia
304 1212 380 1263 Hinc
388 1214 420 1263 iit
430 1212 475 1263 vel
482 1213 601 1263 maxime
611 1226 667 1263 non
677 1226 769 1263 aurare
780 1218 817 1274 te,
828 1226 880 1264 nec
892 1237 894 1245 v

77 1288 161 1333 caste
171 1280 270 1330 tiorere
281 1286 319 1332 te.
352 1280 475 1347 ideoque
485 1287 517 1332 tu
527 1280 653 1347 superbis
663 1278 782 1341 resistis,
793 1276 881 1331 humi·

74 1348 155 1399 libus
165 1352 257 1397 autem
268 1348 317 1397 das
327 1348 454 1414 gratian,
463 1354 492 1399 et
500 1348 611 1399 intonas
621 1362 705 1413 super
714 1346 880 1401 ambitiones

75 1413 197 1477 saeculi,
207 1420 236 1465 et
246 1420 420 1467 contremunt
429 1414 609 1466 fundamenta
617 1414 761 1466 montium.
783 1413 880 1482 ltaque

75 1481 311 1547 nobis,‚quoniam
321 1488 435 1548 propter
446 1483 582 1547 quaedam
591 1479 725 1537 humanae
736 1483 881 1539 societatis
904 1474 911 1496 “

78 1549 176 1600 officia
181 1548 370 1606 necessarium
379 1554 423 1598 est
432 1548 519 1596 ausari
530 1553 558 1596 et
566 1547 658 1597 timeri
669 1547 703 1596 ab
714 1545 881 1608 bominibus,

75 1618 171 1666 instat
179 1612 356 1662 adversarios
365 1627 449 1663 verae
458 1613 639 1663 beatitudinis
650 1618 771 1672 nostrae,
779 1613 881 1678 ubique

76 1693 218 1747 spargens
227 1679 256 1728 in
266 1678 386 1745 laqueis:
405 1693 486 1745 euge,
497 1679 582 1746 euge!
600 1684 631 1728 ut
641 1677 704 1728 dum
714 1679 794 1728 avide
805 1679 884 1730 colli?
910 1689 921 1732 ,’
995 1727 1000 1744 ,

77 1748 188 1816 gimus,
202 1746 313 1798 incaute
328 1745 481 1811 capiamur,
497 1752 526 1796 et
536 1760 553 1795 a
562 1745 679 1796 veritate
695 1751 743 1794 toa
752 1743 884 1810 goudium

74 1821 208 1866 nostrum
223 1813 405 1879 deponamus,
415 1818 502 1878 atque
516 1812 545 1862 in
557 1809 699 1863 hominum
712 1810 825 1865 fallacia
834 1827 882 1878 po-

77 1896 192 1944 naorus3
210 1879 352 1946 libeatque
372 1894 423 1931 nos
442 1878 530 1930 amari
550 1885 579 1930 et
592 1878 686 1930 tinreri
700 1894 754 1946 non
770 1887 883 1946 propter

76 1956 123 2010 te,
137 1948 187 1999 scd
197 1961 248 2014 pro
258 1954 300 2010 te;
318 1953 401 2012 atque
410 1946 466 1997 isto
476 1945 560 1996 modo
571 1946 614 1997 sui
624 1945 729 1996 similes
739 1944 829 1998 iactos
839 1961 882 1998 se-

79 2031 146 2066 cum
164 2014 279 2076 habeat,
298 2027 355 2064 non
372 2013 408 2064 ad
429 2013 608 2064 concordiam
622 2013 760 2075 caritatis,
781 2013 832 2064 sed
846 2014 882 2065 ad

79 2083 254 2132 consortium
266 2080 409 2148 supplicii,
421 2081 469 2147 qui
478 2081 577 2139 statuit
585 2079 679 2131 sedem
690 2095 766 2130 suam
776 2095 881 2146 ponere

77 2150 111 2199 in
130 2150 260 2215 aquilone
271 2148 336 2208 (les.
347 2148 387 2209 14,
399 2148 466 2210 lsi),
477 2153 508 2197 ut
523 2153 551 2198 te
589 2161 702 2198 erversa
721 2154 749 2198 et
764 2147 883 2206 distorta

80 2216 130 2265 uia
142 2215 262 2266 imitanti
273 2213 401 2280 [imitati]
411 2214 556 2264 tenebrosi
569 2161 722 2282 frigidique
736 2214 881 2264 servirent.

80 2281 142 2333 Nos
155 2289 262 2343 autem,
271 2281 403 2342 Domine,
417 2280 534 2345 pusillus
545 2295 613 2346 grex
623 2287 686 2332 tuus
698 2295 763 2330 ecce
774 2295 881 2344 sumum
913 2294 918 2302 ‘

79 2355 113 2419 tu
131 2363 184 2399 nos
202 2347 326 2416 posside.
361 2347 518 2397 Praetende
535 2347 680 2409 alasiam,
700 2353 729 2397 et
742 2345 882 2412 fugiamus

81 2415 134 2465 sub
146 2430 204 2465 eas.
240 2414 339 2464 Gloria
349 2421 446 2464 nostra
454 2419 485 2464 tu
495 2419 570 2476 esto;
588 2419 739 2480 propterte
750 2425 881 2471 amemur,

81 2487 112 2532 et
129 2481 245 2532 verbum
261 2488 338 2531 tuum
356 2483 486 2531 timeatur
502 2480 532 2530 in
545 2479 634 2530 nobis.
671 2479 731 2537 Qui
751 2476 882 2527 laudari

81 2549 155 2598 vult
181 2548 219 2597 ab
242 2545 427 2600 hominibus
450 2546 661 2612 vituperante
682 2550 728 2602 te,
750 2556 812 2593 non
832 2541 881 2591 de-

83 2613 242 2683 fendetur
270 2613 309 2665 ab
336 2611 524 2664 hominibus
552 2611 720 2664 iudicante
743 2615 789 2670 te,
819 2621 883 2659 nec
