2050 2925
210 136 539 211 concussionum
560 115 688 206 arana
703 154 738 207 v.
761 109 767 113 ’
838 154 873 207 π

70 262 202 311 materna
210 256 314 322 pietate
325 243 461 322 flagitari,
471 244 608 308 aientium
616 256 780 307 recordatus
789 257 888 323 'atque'

71 322 302 376 confessariorum.
338 321 394 373 Sed
403 322 433 373 in
442 322 565 374 dedecus
573 335 665 373 meum
674 336 828 384 creveram,
845 326 875 373 et

71 390 196 443 consilia
210 388 366 439 medicinae
381 394 445 439 tuae
461 388 575 440 demens
588 389 752 451 irridebam,
771 389 817 455 qui
830 400 874 439 me

73 472 132 509 non
149 456 241 511 sivisti
250 455 335 507 talem
343 454 477 508 hismari.
513 456 576 523 Quo
585 456 700 507 vulnere
710 457 735 505 si
744 454 876 505 feriretur

74 538 127 576 cor
135 523 242 583 matris,
254 536 399 588 numquam
409 528 562 573 sanaretur.
583 522 647 574 Nou
657 523 729 581 enim
740 522 808 573 satis
820 521 877 571 clo·

74 594 164 658 qu‘or,
175 588 242 655 quid
252 602 320 655 erga
329 602 371 639 ma
382 586 609 652 habebamini,
619 588 878 657 etquaatornaiore

75 656 271 709 sollicitudine
284 668 328 705 me
338 652 510 722 parturiebat
519 656 632 721 spir-itu,
646 672 728 723 quam
737 660 821 705 earne
831 667 877 720 qe·

5 786 6 789 ¹
76 728 200 791 parerat.
235 720 298 773 Non
310 722 405 788 itaque
415 722 513 784 video,
528 722 668 789 quomodo
678 727 837 783 sanaretur,
853 720 879 770 ei

76 790 217 843 meataiis
226 787 277 839 illa
285 802 361 840 mors
369 789 625 841 transverberasset
633 790 743 841 viscera
751 788 879 839 dilectio·

77 857 123 909 nis
134 856 204 907 eius.
239 854 275 905 Et
284 855 331 906 nbi
343 862 438 907 essent
447 862 542 908 tantae
551 870 649 922 preces
659 864 754 910 ettam
764 856 879 907 crebrae

78 926 142 975 uine
157 920 379 973 intermissionei
396 920 552 989 Nusquam,
566 924 623 974 nisi
636 922 672 985 ad
685 930 725 975 te.
758 923 799 972 An
811 934 879 971 vero

77 998 125 1052 to,
138 988 216 1041 Deus
229 988 499 1050 misericordiarum,
513 1003 660 1054 sperneres
670 1003 720 1040 cor
730 989 880 1039 contritum

78 1064 111 1108 et
124 1054 297 1107 humiliatum
307 1055 406 1106 viduae
416 1062 511 1106 caetae
522 1069 556 1104 ac
565 1056 690 1118 sobriae,
704 1055 881 1119 frequentari·
944 1062 951 1073 ⁸

78 1122 329 1195 tiaeleemopyoaa,
337 1120 608 1188 obsequentiumque
618 1122 767 1172 servientis
777 1120 881 1171 sanctis

78 1190 148 1251 tuis,
159 1188 265 1246 nullum
275 1188 348 1244 diem
357 1188 607 1255 praetermittentis
617 1187 788 1246 oblationem
797 1185 833 1236 ad
842 1186 882 1237 al·

78 1265 143 1307 tare
153 1260 243 1319 tuom,
253 1255 337 1305 bisin
347 1254 407 1317 die,
418 1266 499 1305 mane
510 1260 539 1305 et
547 1269 677 1321 verpere,
686 1255 722 1307 ad
733 1253 882 1306 eeclesiam

79 1333 158 1375 tumn
168 1324 228 1374 sine
238 1322 297 1373 nlla
302 1322 512 1391 intermissione
521 1322 659 1374 venientis
663 1358 671 1385 ‚
685 1335 741 1373 non
751 1322 787 1372 ad
796 1334 882 1371 vanas

79 1390 192 1441 fabriles
200 1397 228 1440 at
234 1388 323 1440 aniles
332 1388 361 1439 io
381 1389 528 1451 uocitatcs,
534 1390 622 1441 aedui
630 1396 659 1441 te
670 1390 780 1441 audiret
788 1388 817 1437 in
826 1388 883 1437 tuis

76 1456 267 1519 ‘sermoniboa
276 1460 345 1508 ectu
354 1404 431 1508 issam
439 1456 468 1507 in
478 1456 538 1508 suis
548 1456 738 1509 orationiboei
754 1454 883 1506 liuiusne

81 1535 114 1576 tu
124 1523 262 1585 lacrimae,
273 1523 372 1590 quibua
381 1538 437 1574 non
445 1530 496 1574 ate
506 1537 603 1574 aomina
614 1528 644 1572 et
652 1529 796 1589 argentum
807 1527 883 1588 pete·

80 1593 145 1654 bat,
161 1604 214 1644 nec
228 1589 344 1656 aliquod
356 1589 489 1641 mutabile
504 1595 554 1640 aot
563 1588 687 1640 volubile
696 1589 814 1650 bonum,
833 1585 884 1638 sed

81 1658 203 1710 salutem
212 1657 320 1708 animae
329 1655 382 1706 iiiii
391 1656 449 1717 sui,
463 1662 508 1719 tu,
523 1655 726 1706 cuiuumuuere
736 1655 801 1704 talis
812 1659 882 1714 erat,

82 1731 278 1776 contemneres
298 1728 327 1774 ei
344 1723 503 1789 repelleres,
516 1721 551 1772 ab
573 1720 758 1775 auxiliatrici
775 1717 884 1786 Neqaa·
940 1708 945 1715 ’
985 1750 990 1756 -

82 1789 312 1858 quam‚Domine.
346 1775 624 1840 imoveroaderas'et
633 1782 802 1838 exaudiebas
810 1784 885 1836 etfa-
942 1806 944 1810 v

81 1858 179 1909 ciebas
190 1857 297 1919 ordine,
306 1871 361 1924 qno
373 1855 633 1923 praedestinaveras
643 1868 708 1905 ease
716 1853 883 1905 faciendum.

81 1925 173 1988 Absit,
183 1931 215 1975 ut
225 1930 255 1974 tu
264 1922 378 1976 falleres
390 1937 451 1975 eam
460 1923 490 1972 in
499 1922 557 1986 illis
566 1921 721 1975 visionibus
732 1927 762 1972 et
770 1933 885 1986 respon·

82 1992 124 2044 sis
136 1991 207 2053 tuis,
223 2005 293 2070 quae
308 1990 363 2040 iam
378 1989 606 2052 commemorari,
621 1992 650 2038 et
664 2002 802 2054 quaenam
811 2001 885 2037 com·

81 2071 325 2123 memoravr,quae
335 2056 384 2108 iila
394 2055 470 2106 fideii
478 2063 596 2172 qeotore
605 2056 727 2118 tenebat,
738 2061 767 2107 et
776 2067 886 2170 sember
954 2069 961 2078 ·

83 2121 477 2190 oranstamquamcirirograp
498 2121 801 2191 atuaingerebattibi.
864 2121 886 2170 i·

52 2249 55 2256 ¹
82 2191 181 2258 gnaris
193 2191 278 2253 enim,
289 2191 418 2258 quoniam
428 2190 609 2241 insaeculom
621 2189 817 2241 misericordia
826 2193 893 2248 tua,

84 2259 140 2320 eis,
154 2257 256 2325 quibus
271 2257 364 2310 omnia
376 2256 473 2307 debita
483 2255 614 2320 dimittis,
629 2256 713 2307 etiam
724 2254 886 2321 promissio·
914 2283 918 2293 .

82 2325 167 2376 nibus
181 2325 237 2375 tuis
250 2324 441 2376 debitoriieri.
514 2357 520 2362 -

136 2391 168 2442 G.
184 2391 220 2442 Χ.
255 2391 400 2442 Recreasti
417 2403 484 2457 crgo
493 2404 539 2449 ma
549 2391 584 2442 ab
593 2391 643 2442 illa
651 2389 841 2458 aegritudine,
859 2392 888 2438 et

61 2503 68 2510 .
82 2459 193 2510 eninm
206 2456 302 2508 fecisti
311 2456 399 2508 filium
409 2453 529 2510 anciila'e
537 2464 617 2521 tuae,
631 2465 698 2510 tuno
705 2456 816 2506 interim
826 2467 887 2503 cor·

82 2539 169 2597 pore,
179 2531 211 2576 ut
221 2531 298 2575 esset
307 2525 352 2574 cui
362 2524 479 2576 salutem
488 2524 634 2577 meliorem
643 2531 728 2589 atque
737 2519 887 2570 certiorem
963 2549 965 2555 ·
1017 2501 1020 2504 ⁴

85 2593 180 2642 dares.
214 2589 251 2641 Et
264 2590 400 2658 iungebat
409 2591 493 2642 etiam
502 2599 570 2644 tunc
578 2593 683 2642 Romae
692 2582 837 2638 falsisiilis
846 2589 887 2634 at·

90 2673 142 2726 que
159 2657 323 2710 fallentibus
340 2659 457 2748 sanoqis:
475 2673 532 2711 non
546 2659 620 2711 enirn
632 2661 738 2708 tantam
753 2650 887 2745 auditori·
