2050 2925
113 143 118 150 .
145 117 149 136 ι
168 103 172 110 ’
216 106 537 164 courussrouum
553 88 677 165 irene
693 74 795 165 vin(
846 79 895 175 m

74 208 181 261 'faeta
201 217 253 278 est
267 216 460 265 necessitas.
495 212 603 275 Quibus
617 216 695 277 qnasi
710 214 814 266 ansulis
828 216 894 267 sibi·

84 278 268 331 metinnexis
276 281 362 341 (unde
372 286 498 335 catenam
507 282 658 347 adpellari)
668 282 782 333 tenebat
790 297 834 333 me
845 282 893 334 ob·
957 288 959 299 ¹

83 345 221 412 strictum
232 346 301 397 dura
311 348 439 398 servitus.
474 348 611 399 Voluntas
622 354 713 399 autem
723 363 807 411 nova,
821 364 892 416 quae

83 410 162 463 mibi
174 427 236 463 esse
252 420 396 481 coeperat,
410 421 443 465 ut
453 421 481 465 to
495 416 583 481 gratis
595 415 729 478 colerem,
742 414 853 483 fruique
863 424 892 467 te

83 478 204 540 vellem,
212 480 299 544 Deus,
308 482 627 545 solacertaincunditas‚
635 482 756 533 noudum
765 490 825 533 erat
833 484 893 534 ido·

85 560 148 596 nea
166 546 202 596 ad
220 550 545 615 superandampriorem
562 556 704 601 vetustate
723 550 893 602 roboratam.

86 612 137 663 lta
150 613 393 666 duae‘roluntates
405 631 497 679 meae,
509 608 566 667 una
575 624 666 678 retus,
681 617 737 667 alia
746 632 831 679 nova,
844 618 895 669 illa
933 672 938 681 x
1021 632 1024 639 ‘

88 680 227 746 earnalis,
241 683 292 733 illa
305 683 452 749 spiritalis,
466 682 655 751 confligebant
666 684 740 735 inter
753 700 796 747 se,
810 691 893 751 atque

89 748 465 816 discordandodissipabant
474 751 592 803 animam
601 766 698 803 meam.
736 751 894 803 Siciutelli-

89 814 230 883 gehamin
238 831 280 867 me
288 818 550 896 ipsoexperimento
561 818 590 887 id
601 820 675 896 quod
684 818 817 887 legeram,
826 834 893 887 quo-

89 883 177 935 modo
188 900 251 935 earo
263 893 461 951 concupisceret
469 885 593 935 adversm
602 885 736 951 spiritum,
748 894 775 937 et
783 887 894 953 spiritus
944 928 945 932 ,
983 940 984 947 ,

90 951 218 1002 advertus
227 967 343 1003 earnem.
355 952 459 1013 (Galat.
469 951 495 1014 5,
507 952 560 1014 li.)
586 952 647 1018 Ego
659 954 770 1019 quidem
779 955 807 1003 in
817 961 893 1005 utro·

91 1032 161 1083 que3
180 1020 231 1069 sed
242 1020 332 1086 magis
345 1033 399 1086 ego
417 1020 447 1068 in
457 1033 505 1080 eo,
520 1017 595 1087 quod
604 1019 633 1068 in
642 1034 685 1069 me
697 1020 894 1085 adprobabam,
959 1042 963 1051 ·

92 1087 219 1165 quentin
232 1100 280 1147 eo,
294 1086 369 1152 quod
378 1087 407 1135 in
416 1099 461 1135 me
470 1085 669 1152 improbabam.
704 1086 747 1136 lbi
756 1086 829 1137 enim
838 1102 894 1137 nra-

92 1154 205 1219 grsiam
214 1167 347 1219 nonego;
364 1154 429 1219 quia
438 1166 473 1203 ex
482 1166 584 1219 aragne
592 1157 670 1219 parte
681 1153 710 1205 id
719 1154 845 1221 patiebar
854 1154 902 1205 in„
991 1207 994 1213 ¹

91 1220 178 1282 vitus,
189 1234 272 1286 quam
279 1218 415 1271 faciebam
424 1220 531 1271 volens.
552 1218 608 1271 Sed
617 1226 708 1271 tamen
719 1221 892 1287 consuetudo

92 1287 228 1339 adsersus
235 1303 279 1338 me
287 1289 483 1355 pugnaciores
490 1302 533 1339 me
543 1286 619 1339 facta
628 1294 697 1350 erat,
706 1289 836 1355 quoniam
845 1303 894 1339 vo·

91 1355 156 1406 lens
166 1370 221 1421 quo
232 1356 335 1407 uellem
344 1363 533 1422 perveneram.
567 1356 602 1406 Et
612 1356 673 1422 quis
683 1357 744 1425 iure
755 1355 893 1407 contradi·

93 1429 183 1486 oeret,
203 1438 264 1474 oum
283 1429 443 1490 peccantem
461 1424 537 1475 iusta
554 1438 645 1491 poena
662 1424 841 1490 sequereturl
858 1422 894 1474 Et

45 1538 50 1544 .
92 1504 149 1542 non
160 1498 222 1541 erat
230 1492 286 1541 iam
295 1492 345 1541 illa
355 1492 513 1553 excusatio,
528 1506 582 1556 qua
591 1491 682 1540 videri
690 1491 758 1541 mihi
768 1492 893 1542 solebam
973 1489 980 1507 ‘

92 1564 243 1626 propterea
254 1557 376 1607 noudum
385 1572 429 1608 me
439 1563 581 1608 contemto
591 1557 704 1607 saeculo
716 1560 821 1608 servire
831 1556 893 1620 tibi,

92 1626 160 1692 quia
169 1625 276 1672 incerta
283 1623 353 1673 mibi
363 1630 438 1675 esset
447 1623 591 1690 perceptio
602 1623 809 1675 veritatisz-iam
821 1624 893 1674 enim

92 1699 123 1744 et
132 1692 194 1758 ipsa
204 1695 281 1739 certa
291 1698 358 1740 erat.
372 1709 376 1716 ¹
393 1691 454 1756 Ego
466 1696 558 1740 autem
568 1688 658 1740 adbuc
667 1695 743 1742 terra
753 1689 893 1756 obligatus

92 1759 214 1812 militare
222 1757 275 1807 tibi
282 1758 453 1819 recusabam,
462 1762 491 1806 et
499 1756 703 1823 impedimentis
714 1757 841 1808 omnibus
852 1757 892 1807 sie

93 1825 226 1877 timebam
245 1825 385 1892 expediri,
405 1823 637 1891 quemadmodum
654 1825 782 1891 impediri
795 1825 891 1875 timen-

94 1894 158 1944 dum
171 1898 224 1943 est.
259 1892 302 1942 lta
313 1893 424 1943 sarcina
436 1891 554 1953 saeculi,
572 1891 649 1942 velut
661 1905 757 1943 somno
772 1892 890 1955 adsolet,

93 1959 212 2024 dulciter
220 1959 376 2026 premebam
387 1965 417 2010 et
423 1959 620 2026 cogitationes,
628 1959 727 2026 quibus
737 1953 892 2012 meditabar

92 2029 172 2090 inte,
185 2027 290 2091 sindles
304 2023 384 2078 erant
397 2027 543 2078 conatibus
558 2027 716 2094 expergisci
727 2027 889 2088 volentium,
985 2056 989 2064 ,

92 2096 141 2211 {ui
155 2103 249 2147 tamen
266 2096 390 2163 superati
402 2094 514 2162 soporis
527 2093 673 2146 altitudine
687 2100 888 2163 remerguntur.

117 2163 294 2214 tsieutnemo
304 2170 356 2226 est,
364 2165 412 2230 qui
421 2163 543 2213 dormire
553 2177 662 2229 semper
671 2161 748 2225 velit,
757 2163 889 2212 omnium·
979 2155 983 2171 ⁴

94 2242 146 2297 que
159 2244 228 2280 sano
237 2229 342 2280 iudicio
352 2230 471 2296 vigilare
481 2235 604 2296 praestat
615 2228 722 2291 (differt
731 2237 823 2280 tamen
834 2229 889 2294 ple-

92 2311 206 2363 rumque
221 2295 304 2347 bomo
319 2311 445 2348 somnum
458 2301 601 2358 excutere,
617 2311 679 2347 eum
689 2297 781 2364 gravis
790 2303 889 2361 torpor

92 2364 120 2414 in
134 2364 264 2414 membris
278 2370 334 2426 est,
351 2376 468 2428 eumque
480 2363 537 2413 iam
550 2362 742 2430 displicentem
756 2364 844 2428 carpit
857 2362 889 2410 li·

92 2431 216 2493 bentius,
239 2431 364 2499 quamvis
382 2430 516 2496 surgendi
537 2435 644 2496 tempus
663 2430 831 2490 adveneritis
848 2422 889 2479 ita

94 2504 198 2548 eertum
205 2497 349 2560 habebam,
357 2511 420 2548 esse
427 2497 526 2546 melius
533 2503 597 2548 tuae
605 2497 714 2548 caritati
723 2510 766 2547 me
777 2493 888 2557 dedere,

93 2580 174 2632 quam
182 2581 262 2618 meae
273 2566 420 2631 cupiditati
428 2563 539 2614 tedere.
568 2563 623 2615 Sed
633 2563 702 2614 illud
712 2562 848 2629 placebat,
860 2569 889 2613 et
938 2591 941 2602 ι

91 2634 229 2698 vincebam
248 2633 429 2696 hoelibebat,
443 2637 473 2682 et
481 2631 628 2683 vinciebat.
663 2629 809 2700 Nouenim
819 2633 888 2691 erat,
913 2647 924 2654 -

125 2707 417 2754 arcessebamus.
671 2697 682 2746 l
710 2755 711 2762 χ
