2050 2925
58 199 61 203 ι
140 120 191 177 rm
340 82 741 175 tonedrrnoousrrm
794 106 830 179 ζ’

140 238 253 275 oannes
273 238 291 273 a
308 218 681 289 morboffionoupisoebtiae,
704 234 784 291 qoam
801 216 949 292 medebam

140 291 247 357 expleri
266 305 348 357 quam
365 291 515 356 exstingui.
549 289 586 339 Et
604 290 691 341 ieram
707 301 757 355 per
768 291 827 341 rias
840 303 948 353 pravas

114 374 118 379 ¹
140 358 338 425 superstitione
347 358 495 424 sacrilega,
505 370 561 407 non
570 355 682 423 quidem
692 360 784 421 cert-ar
795 355 825 405 in
835 368 880 417 ea,
890 356 949 407 sed

141 428 222 493 quasi
229 440 403 491 praeponens
413 438 475 476 eam
483 424 614 485 caeteris,
623 438 693 491 quae
703 436 759 473 non
768 422 815 488 pie
825 435 948 487 quaere-

140 494 218 555 bam,
237 492 288 542 sed
306 492 417 542 inimice
434 490 637 558 oppugnabam.
670 490 708 541 Et
723 494 887 555 putaveram
898 503 948 539 me

141 565 291 627 propterea
303 556 416 609 differre
429 558 465 609 de
476 558 522 608 die
532 557 562 607 in
572 556 658 619 dimo,
672 559 813 607 contemta
822 570 872 621 spa
883 569 949 605 rae-

143 627 199 677 ouli
216 632 245 676 te
264 625 355 676 solnm
375 625 468 690 sequi,
487 625 553 690 quio
570 638 627 675 non
639 622 708 674 mibi
721 622 874 689 adparebat
884 636 949 673 eer-

98 710 101 713 ·
143 700 201 743 tum
211 692 325 759 aliquid,
335 705 390 757 quo
402 691 553 759 dirigerem
563 704 783 755 curarim-meum.
816 688 853 739 Et
862 702 949 741 rene·

142 766 187 809 rat
196 759 265 821 diet,
274 773 328 825 (luo
336 758 456 813 nudarer
461 756 538 820 mibi,
547 763 575 809 et
582 760 740 823 increparet
746 761 789 807 me
800 757 949 807 donadeu-

142 827 183 876 tia
195 839 266 875 mea.
301 824 356 875 Ubi
364 838 409 887 ee,
422 824 534 892 linguai
550 823 656 890 Nempe
666 826 697 873 tu'
706 822 820 874 dicebas
829 828 951 889 propter

142 896 280 944 incertum
292 906 388 943 rerum
397 892 474 943 nolle
484 898 513 942 te
524 890 645 941 abiicere
656 891 794 941 sarcinam
803 890 949 940 raritatis.

143 958 217 1009 ane
225 958 282 1008 iam
290 964 456 1022 eertumoet,
464 958 583 1024 etillate
593 955 683 1009 adhue
691 959 802 1023 premit,
810 954 950 1007 humerin-

145 1042 199 1094 que
218 1026 398 1078 liberioribus
415 1041 521 1093 pennae
535 1026 675 1089 recipiunt
687 1025 735 1090 qui
747 1036 837 1089 neque
851 1022 893 1073 ita
905 1024 950 1073 in-

145 1093 281 1159 quirendo
295 1094 481 1155 addiderunt,
500 1106 553 1143 neo
566 1090 701 1141 decennio
716 1089 876 1154 etamplius
890 1090 951 1139 ista

145 1160 281 1211 meditati.
315 1160 358 1209 lta
366 1160 487 1211 rodebar
495 1159 584 1221 intus,
600 1163 629 1209 et
638 1154 828 1207 eonfrmdebar
837 1155 950 1223 pudore

145 1225 274 1291 horribili
282 1224 470 1287 vehementer,
480 1239 542 1275 cum
553 1223 728 1275 pontitianus
739 1224 809 1273 talia
818 1222 950 1289 loquere·

145 1299 199 1343 tur.
235 1293 397 1342 Terminato
408 1298 503 1343 autem
511 1306 641 1343 sermone
653 1296 681 1341 at
690 1304 787 1352 eausa,
801 1302 856 1357 qua
864 1304 950 1341 rene·

146 1366 203 1419 rat,
217 1359 287 1409 abiit
297 1357 356 1408 ille.
390 1357 427 1407 Et
440 1372 495 1425 ego
510 1358 614 1408 adme:
634 1372 705 1423 quae
715 1371 771 1408 non
781 1358 809 1407 in
819 1370 863 1405 me
875 1356 954 1409 dixit

146 1426 246 1492 quibus
265 1426 467 1477 sententiarum
484 1424 648 1476 verberibus
665 1438 721 1476 non
735 1422 876 1491 flagellari
890 1425 949 1476 ani-

145 1509 219 1544 mani
231 1507 332 1554 meam,
346 1497 550 1558 utrequeretur
563 1506 608 1542 me
622 1496 768 1542 conantem
778 1496 880 1558 postte
890 1489 950 1542 iret

147 1560 184 1611 Et
192 1561 373 1622 renitebatur,
382 1559 540 1622 recusabat,
549 1565 580 1608 et
589 1572 644 1609 non
654 1571 687 1610 ae
698 1557 857 1610 excusabat.
877 1558 949 1608 Con·

147 1635 238 1680 sumta
251 1634 331 1678 erant
339 1634 369 1678 et
380 1627 507 1678 convicta
516 1631 680 1692 argumenta
690 1627 795 1686 omnia,
806 1639 947 1675 remanse-

145 1703 191 1746 rat
207 1702 285 1746 muta
296 1701 339 1745 tre
359 1695 459 1756 idatio,
482 1699 511 1744 et
524 1692 604 1758 quasi
617 1697 736 1744 mortem
747 1690 949 1760 reformidabat

133 1763 280 1828 -restringi
301 1776 319 1812 a
339 1709 418 1814 fluxu
430 1759 652 1822 consuetudinis,
672 1773 727 1827 quo
739 1757 902 1821 tabereebat
915 1759 944 1808 in

117 1868 120 1871 .
146 1835 273 1880 mortem.
305 1862 309 1869 ι

188 1896 228 1948 ’0.
238 1893 311 1947 v111.
345 1889 946 1961 Tominiliagrandirixiinteriorisdomos

147 1975 239 2022 meae,
250 1976 331 2027 quam
341 1958 454 2011 fortiter
463 1963 649 2012 excitaveram
660 1974 722 2010 curn
732 1960 824 2010 anima
834 1973 908 2020 mea,
918 1958 946 2008 in

148 2028 276 2078 eubiculo
290 2033 401 2090 nostro,
413 2027 499 2078 eorde
513 2041 589 2091 meo,
604 2034 661 2078 tam
674 2028 751 2078 vultu
765 2041 844 2092 quam
853 2031 946 2076 mente

146 2094 283 2156 turbatus,
291 2093 536 2160 inradoiiiypium,
544 2095 717 2146 etexolamo:
730 2093 802 2154 Quid
812 2091 945 2158 patimur!

147 2160 214 2226 quid
233 2167 276 2210 eet
294 2157 363 2210 hoo?
380 2161 447 2228 quid
459 2160 578 2214 audisti'i
596 2160 738 2228 Surgunt
753 2158 890 2220 indocti,
915 2165 945 2210 et

149 2227 274 2278 coelum
285 2227 429 2293 rapiunt3
448 2234 481 2280 et
491 2243 550 2280 noo
563 2243 633 2280 eum
646 2227 811 2280 doctrinis
823 2225 945 2276 nostris

144 2294 221 2353 aine
244 2294 358 2356 eorde,
377 2309 454 2346 ecoe
471 2295 528 2347 ubi
553 2295 734 2349 volutamur
749 2294 781 2344 in
799 2306 895 2348 carne
913 2299 946 2342 et

148 2361 325 2428 sanguinet
340 2362 381 2414 An
396 2363 461 2428 quia
473 2367 698 2429 praecesserunt,
711 2361 798 2426 pudet
811 2361 902 2424 aequi,
918 2365 946 2410 et

147 2441 204 2478 nou
218 2429 304 2494 pudet
315 2443 366 2480 nee
381 2431 481 2480 saitem
489 2426 665 2494 nequii-Dixi
676 2428 773 2478 neseio
784 2440 855 2494 quae
867 2425 946 2490 talia3

147 2501 177 2544 et
187 2495 308 2562 abripuit
315 2509 360 2549 me
371 2497 465 2547 abillo
475 2500 570 2545 aestus
580 2509 669 2558 meus,
680 2509 743 2544 oum
750 2498 860 2544 taceret
869 2491 946 2544 adto-

146 2560 402 2614 nitusintuenome.
437 2561 533 2628 Neque
545 2564 618 2613 enim
627 2559 946 2626 iolitaronabamplue·

147 2640 200 2692 que
215 2628 399 2697 loquebantur
407 2631 526 2682 animum
537 2643 627 2680 meum
638 2627 729 2693 frons,
743 2641 846 2695 genae,
862 2625 946 2690 oculi,
