<?xml version="1.0" encoding="UTF-8"?>
<!DOCTYPE html PUBLIC "-//W3C//DTD XHTML 1.0 Transitional//EN"
    "http://www.w3.org/TR/xhtml1/DTD/xhtml1-transitional.dtd">
<html xmlns="http://www.w3.org/1999/xhtml" xml:lang="en" lang="en">
 <head>
  <title>
</title>
<meta http-equiv="Content-Type" content="text/html;charset=utf-8" />
  <meta name='ocr-system' content='tesseract 3.04.00' />
  <meta name='ocr-capabilities' content='ocr_page ocr_carea ocr_par ocr_line ocrx_word'/>
</head>
<body>
  <div class='ocr_page' id='page_1' title='image "./saureliiaugusti00brudgoog_0075.png"; bbox 0 0 2050 2925; ppageno 0'>
   <div class='ocr_carea' id='block_1_1' title="bbox 202 120 886 214">
    <p class='ocr_par' dir='ltr' id='par_1_1' title="bbox 202 120 886 214">
     <span class='ocr_line' id='line_1_1' title="bbox 202 120 886 214; baseline 0.006 -19"><span class='ocrx_word' id='word_1_1' title='bbox 202 144 531 214; x_wconf 67' lang='lat' dir='ltr'>concussionum</span> <span class='ocrx_word' id='word_1_2' title='bbox 548 146 674 199; x_wconf 77' lang='lat' dir='ltr'>uraca</span> <span class='ocrx_word' id='word_1_3' title='bbox 690 148 741 201; x_wconf 73' lang='lat' dir='ltr'>ro.</span> <span class='ocrx_word' id='word_1_4' title='bbox 839 120 886 199; x_wconf 70' lang='lat' dir='ltr'>c&#39;</span> 
     </span>
    </p>
   </div>
   <div class='ocr_carea' id='block_1_2' title="bbox 67 224 874 364">
    <p class='ocr_par' dir='ltr' id='par_1_2' title="bbox 67 224 874 364">
     <span class='ocr_line' id='line_1_2' title="bbox 67 224 874 364; baseline 0.004 -67"><span class='ocrx_word' id='word_1_5' title='bbox 67 224 198 309; x_wconf 77' lang='lat' dir='ltr'>sinete,</span> <span class='ocrx_word' id='word_1_6' title='bbox 212 247 280 299; x_wconf 91' lang='lat' dir='ltr'>nisi</span> <span class='ocrx_word' id='word_1_7' title='bbox 290 224 718 364; x_wconf 49' lang='lat' dir='ltr'>dux‘inpraaoepsthutpuid</span> <span class='ocrx_word' id='word_1_8' title='bbox 728 263 802 311; x_wconf 86' lang='lat' dir='ltr'>sum,</span> <span class='ocrx_word' id='word_1_9' title='bbox 812 253 874 300; x_wconf 89' lang='lat' dir='ltr'>curn</span> 
     </span>
    </p>
   </div>
   <div class='ocr_carea' id='block_1_3' title="bbox 65 312 938 381">
    <p class='ocr_par' dir='ltr' id='par_1_3' title="bbox 65 312 938 381">
     <span class='ocr_line' id='line_1_3' title="bbox 65 312 938 381; baseline 0.001 -16"><span class='ocrx_word' id='word_1_10' title='bbox 65 312 496 381; x_wconf 83' lang='lat' dir='ltr'>mihibeneest,uisisugenslae</span> <span class='ocrx_word' id='word_1_11' title='bbox 507 321 648 377; x_wconf 87' lang='lat' dir='ltr'>tuum‚aut</span> <span class='ocrx_word' id='word_1_12' title='bbox 669 330 751 367; x_wconf 89' lang='lat' dir='ltr'>ruens</span> <span class='ocrx_word' id='word_1_13' title='bbox 760 320 789 365; x_wconf 90' lang='lat' dir='ltr'>te</span> <span class='ocrx_word' id='word_1_14' title='bbox 800 316 873 379; x_wconf 89' lang='lat' dir='ltr'>cibo,</span> <span class='ocrx_word' id='word_1_15' title='bbox 932 352 938 360; x_wconf 86' lang='lat'>.</span> 
     </span>
    </p>
   </div>
   <div class='ocr_carea' id='block_1_4' title="bbox 32 377 875 2589">
    <p class='ocr_par' dir='ltr' id='par_1_4' title="bbox 32 377 875 2589">
     <span class='ocr_line' id='line_1_4' title="bbox 67 377 873 449; baseline 0.002 -18"><span class='ocrx_word' id='word_1_16' title='bbox 67 382 186 447; x_wconf 91' lang='lat' dir='ltr'>quinon</span> <span class='ocrx_word' id='word_1_17' title='bbox 202 382 404 446; x_wconf 75' lang='lat' dir='ltr'>corrumpituri</span> <span class='ocrx_word' id='word_1_18' title='bbox 420 382 457 433; x_wconf 85' lang='lat' dir='ltr'>Et</span> <span class='ocrx_word' id='word_1_19' title='bbox 470 383 532 449; x_wconf 88' lang='lat' dir='ltr'>quis</span> <span class='ocrx_word' id='word_1_20' title='bbox 547 381 630 432; x_wconf 91' lang='lat' dir='ltr'>homo</span> <span class='ocrx_word' id='word_1_21' title='bbox 643 388 689 432; x_wconf 86' lang='lat' dir='ltr'>est</span> <span class='ocrx_word' id='word_1_22' title='bbox 698 382 816 447; x_wconf 85' lang='lat' dir='ltr'>quilibet</span> <span class='ocrx_word' id='word_1_23' title='bbox 824 377 873 433; x_wconf 83' lang='lat' dir='ltr'>ho·</span> 
     </span>
     <span class='ocr_line' id='line_1_5' title="bbox 66 446 875 515; baseline 0.001 -16"><span class='ocrx_word' id='word_1_24' title='bbox 66 462 126 511; x_wconf 88' lang='lat' dir='ltr'>mo,</span> <span class='ocrx_word' id='word_1_25' title='bbox 137 463 201 498; x_wconf 87' lang='lat' dir='ltr'>cunr</span> <span class='ocrx_word' id='word_1_26' title='bbox 212 448 250 499; x_wconf 89' lang='lat' dir='ltr'>sit</span> <span class='ocrx_word' id='word_1_27' title='bbox 260 446 361 498; x_wconf 81' lang='lat' dir='ltr'>homol</span> <span class='ocrx_word' id='word_1_28' title='bbox 372 448 426 500; x_wconf 86' lang='lat' dir='ltr'>Sed</span> <span class='ocrx_word' id='word_1_29' title='bbox 435 450 572 500; x_wconf 85' lang='lat' dir='ltr'>irrideant</span> <span class='ocrx_word' id='word_1_30' title='bbox 581 464 633 502; x_wconf 92' lang='lat' dir='ltr'>nos</span> <span class='ocrx_word' id='word_1_31' title='bbox 642 448 732 499; x_wconf 83' lang='lat' dir='ltr'>fortes</span> <span class='ocrx_word' id='word_1_32' title='bbox 742 454 771 499; x_wconf 91' lang='lat' dir='ltr'>et</span> <span class='ocrx_word' id='word_1_33' title='bbox 779 454 875 515; x_wconf 88' lang='lat' dir='ltr'>poten·</span> 
     </span>
     <span class='ocr_line' id='line_1_6' title="bbox 66 514 840 581; baseline 0 -16"><span class='ocrx_word' id='word_1_34' title='bbox 66 522 125 579; x_wconf 88' lang='lat' dir='ltr'>tes;</span> <span class='ocrx_word' id='word_1_35' title='bbox 143 530 198 566; x_wconf 88' lang='lat' dir='ltr'>nos</span> <span class='ocrx_word' id='word_1_36' title='bbox 212 521 305 567; x_wconf 87' lang='lat' dir='ltr'>autem</span> <span class='ocrx_word' id='word_1_37' title='bbox 320 514 422 565; x_wconf 83' lang='lat' dir='ltr'>inlinni</span> <span class='ocrx_word' id='word_1_38' title='bbox 437 522 466 565; x_wconf 88' lang='lat' dir='ltr'>et</span> <span class='ocrx_word' id='word_1_39' title='bbox 479 518 578 581; x_wconf 84' lang='lat' dir='ltr'>inopes</span> <span class='ocrx_word' id='word_1_40' title='bbox 589 515 840 567; x_wconf 83' lang='lat' dir='ltr'>confiteamurtibi.</span> 
     </span>
     <span class='ocr_line' id='line_1_7' title="bbox 119 580 874 646; baseline 0.003 -15"><span class='ocrx_word' id='word_1_41' title='bbox 119 582 150 632; x_wconf 75' lang='grc' dir='ltr'>ὓ.</span> <span class='ocrx_word' id='word_1_42' title='bbox 166 581 202 633; x_wconf 88' lang='grc' dir='ltr'>ΙΙ.</span> <span class='ocrx_word' id='word_1_43' title='bbox 237 580 380 633; x_wconf 86' lang='lat' dir='ltr'>Docebam</span> <span class='ocrx_word' id='word_1_44' title='bbox 394 584 422 632; x_wconf 87' lang='lat' dir='ltr'>in</span> <span class='ocrx_word' id='word_1_45' title='bbox 436 583 493 633; x_wconf 86' lang='lat' dir='ltr'>illis</span> <span class='ocrx_word' id='word_1_46' title='bbox 509 583 588 633; x_wconf 86' lang='lat' dir='ltr'>anuis</span> <span class='ocrx_word' id='word_1_47' title='bbox 598 587 686 633; x_wconf 84' lang='lat' dir='ltr'>arteln</span> <span class='ocrx_word' id='word_1_48' title='bbox 696 580 874 646; x_wconf 69' lang='lat' dir='ltr'>rhetoricam,</span> 
     </span>
     <span class='ocr_line' id='line_1_8' title="bbox 66 648 875 717; baseline 0 -18"><span class='ocrx_word' id='word_1_49' title='bbox 66 656 97 699; x_wconf 89' lang='lat' dir='ltr'>et</span> <span class='ocrx_word' id='word_1_50' title='bbox 105 649 291 699; x_wconf 78' lang='lat' dir='ltr'>victoriosam</span> <span class='ocrx_word' id='word_1_51' title='bbox 301 649 500 717; x_wconf 81' lang='lat' dir='ltr'>loquacitatem</span> <span class='ocrx_word' id='word_1_52' title='bbox 509 650 600 702; x_wconf 73' lang='lat' dir='ltr'>rictus</span> <span class='ocrx_word' id='word_1_53' title='bbox 611 650 763 715; x_wconf 85' lang='lat' dir='ltr'>cupiditate</span> <span class='ocrx_word' id='word_1_54' title='bbox 773 648 875 700; x_wconf 81' lang='lat' dir='ltr'>rende-</span> 
     </span>
     <span class='ocr_line' id='line_1_9' title="bbox 64 714 874 779; baseline 0.002 -14"><span class='ocrx_word' id='word_1_55' title='bbox 64 716 142 765; x_wconf 88' lang='lat' dir='ltr'>bam.</span> <span class='ocrx_word' id='word_1_56' title='bbox 160 715 300 766; x_wconf 82' lang='lat' dir='ltr'>Maleham</span> <span class='ocrx_word' id='word_1_57' title='bbox 310 716 547 779; x_wconf 87' lang='lat' dir='ltr'>tamen,Domine‚</span> <span class='ocrx_word' id='word_1_58' title='bbox 557 723 588 767; x_wconf 86' lang='lat' dir='ltr'>tu</span> <span class='ocrx_word' id='word_1_59' title='bbox 598 714 874 779; x_wconf 81' lang='lat' dir='ltr'>scis,bonos·hahere</span> 
     </span>
     <span class='ocr_line' id='line_1_10' title="bbox 65 782 872 850; baseline 0.002 -17"><span class='ocrx_word' id='word_1_60' title='bbox 65 782 238 849; x_wconf 88' lang='lat' dir='ltr'>discipulas,</span> <span class='ocrx_word' id='word_1_61' title='bbox 256 784 330 835; x_wconf 88' lang='lat' dir='ltr'>sicut</span> <span class='ocrx_word' id='word_1_62' title='bbox 342 784 517 850; x_wconf 80' lang='lat' dir='ltr'>adpellantur</span> <span class='ocrx_word' id='word_1_63' title='bbox 529 784 610 847; x_wconf 78' lang='lat' dir='ltr'>boni3</span> <span class='ocrx_word' id='word_1_64' title='bbox 628 789 658 834; x_wconf 89' lang='lat' dir='ltr'>et</span> <span class='ocrx_word' id='word_1_65' title='bbox 670 798 720 835; x_wconf 85' lang='lat' dir='ltr'>eos</span> <span class='ocrx_word' id='word_1_66' title='bbox 733 784 794 835; x_wconf 88' lang='lat' dir='ltr'>sine</span> <span class='ocrx_word' id='word_1_67' title='bbox 805 783 872 835; x_wconf 92' lang='lat' dir='ltr'>dolo</span> 
     </span>
     <span class='ocr_line' id='line_1_11' title="bbox 64 850 872 918; baseline 0.002 -19"><span class='ocrx_word' id='word_1_68' title='bbox 64 850 206 900; x_wconf 81' lang='lat' dir='ltr'>docebam</span> <span class='ocrx_word' id='word_1_69' title='bbox 220 850 315 911; x_wconf 88' lang='lat' dir='ltr'>dolos,</span> <span class='ocrx_word' id='word_1_70' title='bbox 332 865 389 901; x_wconf 91' lang='lat' dir='ltr'>non</span> <span class='ocrx_word' id='word_1_71' title='bbox 403 850 502 918; x_wconf 86' lang='lat' dir='ltr'>quibus</span> <span class='ocrx_word' id='word_1_72' title='bbox 516 856 614 901; x_wconf 84' lang='lat' dir='ltr'>contra</span> <span class='ocrx_word' id='word_1_73' title='bbox 622 858 706 917; x_wconf 84' lang='lat' dir='ltr'>caput</span> <span class='ocrx_word' id='word_1_74' title='bbox 713 852 872 903; x_wconf 84' lang='lat' dir='ltr'>innocentis</span> 
     </span>
     <span class='ocr_line' id='line_1_12' title="bbox 65 917 869 984; baseline 0.001 -17"><span class='ocrx_word' id='word_1_75' title='bbox 65 922 201 983; x_wconf 79' lang='lat' dir='ltr'>agerent,</span> <span class='ocrx_word' id='word_1_76' title='bbox 216 917 266 967; x_wconf 88' lang='lat' dir='ltr'>sed</span> <span class='ocrx_word' id='word_1_77' title='bbox 281 917 429 984; x_wconf 86' lang='lat' dir='ltr'>aliquando</span> <span class='ocrx_word' id='word_1_78' title='bbox 443 932 493 984; x_wconf 85' lang='lat' dir='ltr'>pro</span> <span class='ocrx_word' id='word_1_79' title='bbox 508 919 600 983; x_wconf 88' lang='lat' dir='ltr'>capite</span> <span class='ocrx_word' id='word_1_80' title='bbox 611 919 750 969; x_wconf 86' lang='lat' dir='ltr'>nocentis.</span> <span class='ocrx_word' id='word_1_81' title='bbox 784 918 821 969; x_wconf 84' lang='lat' dir='ltr'>Et</span> <span class='ocrx_word' id='word_1_82' title='bbox 829 924 869 979; x_wconf 87' lang='lat' dir='ltr'>tu,</span> 
     </span>
     <span class='ocr_line' id='line_1_13' title="bbox 63 982 871 1100; baseline 0.002 -67"><span class='ocrx_word' id='word_1_83' title='bbox 63 982 159 1046; x_wconf 87' lang='lat' dir='ltr'>Deus,</span> <span class='ocrx_word' id='word_1_84' title='bbox 176 984 272 1034; x_wconf 81' lang='lat' dir='ltr'>vidisti</span> <span class='ocrx_word' id='word_1_85' title='bbox 286 983 319 1035; x_wconf 91' lang='lat' dir='ltr'>de</span> <span class='ocrx_word' id='word_1_86' title='bbox 333 985 486 1100; x_wconf 71' lang='lat' dir='ltr'>longinquo</span> <span class='ocrx_word' id='word_1_87' title='bbox 500 984 655 1051; x_wconf 79' lang='lat' dir='ltr'>lapsantem</span> <span class='ocrx_word' id='word_1_88' title='bbox 666 984 827 1047; x_wconf 82' lang='lat' dir='ltr'>inlubrico,</span> <span class='ocrx_word' id='word_1_89' title='bbox 842 994 871 1035; x_wconf 87' lang='lat' dir='ltr'>et</span> 
     </span>
     <span class='ocr_line' id='line_1_14' title="bbox 62 1050 870 1117; baseline 0.001 -17"><span class='ocrx_word' id='word_1_90' title='bbox 62 1051 94 1101; x_wconf 93' lang='lat' dir='ltr'>in</span> <span class='ocrx_word' id='word_1_91' title='bbox 108 1051 200 1101; x_wconf 90' lang='lat' dir='ltr'>multo</span> <span class='ocrx_word' id='word_1_92' title='bbox 216 1051 293 1102; x_wconf 86' lang='lat' dir='ltr'>fumo</span> <span class='ocrx_word' id='word_1_93' title='bbox 307 1052 390 1102; x_wconf 86' lang='lat' dir='ltr'>scinti</span> <span class='ocrx_word' id='word_1_94' title='bbox 402 1053 505 1102; x_wconf 88' lang='lat' dir='ltr'>lantern</span> <span class='ocrx_word' id='word_1_95' title='bbox 520 1050 603 1101; x_wconf 86' lang='lat' dir='ltr'>iidem</span> <span class='ocrx_word' id='word_1_96' title='bbox 612 1064 716 1113; x_wconf 77' lang='lat' dir='ltr'>meam,</span> <span class='ocrx_word' id='word_1_97' title='bbox 732 1065 813 1117; x_wconf 85' lang='lat' dir='ltr'>quam</span> <span class='ocrx_word' id='word_1_98' title='bbox 824 1064 870 1101; x_wconf 88' lang='lat' dir='ltr'>ex-</span> 
     </span>
     <span class='ocr_line' id='line_1_15' title="bbox 64 1116 871 1184; baseline 0 -17"><span class='ocrx_word' id='word_1_99' title='bbox 64 1116 199 1167; x_wconf 87' lang='lat' dir='ltr'>hibebam</span> <span class='ocrx_word' id='word_1_100' title='bbox 217 1118 246 1167; x_wconf 92' lang='lat' dir='ltr'>in</span> <span class='ocrx_word' id='word_1_101' title='bbox 264 1118 314 1169; x_wconf 89' lang='lat' dir='ltr'>illo</span> <span class='ocrx_word' id='word_1_102' title='bbox 333 1118 497 1184; x_wconf 87' lang='lat' dir='ltr'>magisterio</span> <span class='ocrx_word' id='word_1_103' title='bbox 514 1117 695 1184; x_wconf 75' lang='lat' dir='ltr'>diligentibus</span> <span class='ocrx_word' id='word_1_104' title='bbox 710 1118 871 1177; x_wconf 75' lang='lat' dir='ltr'>vanitatem,</span> 
     </span>
     <span class='ocr_line' id='line_1_16' title="bbox 65 1183 870 1254; baseline 0 -19"><span class='ocrx_word' id='word_1_105' title='bbox 65 1192 96 1235; x_wconf 89' lang='lat' dir='ltr'>ct</span> <span class='ocrx_word' id='word_1_106' title='bbox 110 1185 310 1251; x_wconf 81' lang='lat' dir='ltr'>quaerentibus</span> <span class='ocrx_word' id='word_1_107' title='bbox 324 1185 511 1247; x_wconf 86' lang='lat' dir='ltr'>mendacium,</span> <span class='ocrx_word' id='word_1_108' title='bbox 527 1185 621 1244; x_wconf 82' lang='lat' dir='ltr'>socius</span> <span class='ocrx_word' id='word_1_109' title='bbox 632 1199 737 1237; x_wconf 87' lang='lat' dir='ltr'>eornm.</span> <span class='ocrx_word' id='word_1_110' title='bbox 772 1183 803 1235; x_wconf 86' lang='lat' dir='ltr'>ln</span> <span class='ocrx_word' id='word_1_111' title='bbox 812 1184 870 1254; x_wconf 84' lang='lat' dir='ltr'>illis</span> 
     </span>
     <span class='ocr_line' id='line_1_17' title="bbox 63 1250 870 1319; baseline 0.002 -18"><span class='ocrx_word' id='word_1_112' title='bbox 63 1252 149 1302; x_wconf 88' lang='lat' dir='ltr'>annis</span> <span class='ocrx_word' id='word_1_113' title='bbox 159 1266 242 1301; x_wconf 87' lang='lat' dir='ltr'>unam</span> <span class='ocrx_word' id='word_1_114' title='bbox 251 1250 398 1315; x_wconf 85' lang='lat' dir='ltr'>habebam,</span> <span class='ocrx_word' id='word_1_115' title='bbox 414 1267 470 1303; x_wconf 78' lang='lat' dir='ltr'>son</span> <span class='ocrx_word' id='word_1_116' title='bbox 481 1267 529 1315; x_wconf 90' lang='lat' dir='ltr'>eo,</span> <span class='ocrx_word' id='word_1_117' title='bbox 541 1252 780 1319; x_wconf 84' lang='lat' dir='ltr'>quodlegitimum</span> <span class='ocrx_word' id='word_1_118' title='bbox 788 1255 870 1303; x_wconf 81' lang='lat' dir='ltr'>roca-</span> 
     </span>
     <span class='ocr_line' id='line_1_18' title="bbox 32 1320 870 1387; baseline 0.001 -18"><span class='ocrx_word' id='word_1_119' title='bbox 32 1328 36 1333; x_wconf 83' lang='lat'><em>·</em></span> <span class='ocrx_word' id='word_1_120' title='bbox 63 1326 126 1379; x_wconf 88' lang='lat' dir='ltr'>tur,</span> <span class='ocrx_word' id='word_1_121' title='bbox 138 1320 270 1385; x_wconf 81' lang='lat' dir='ltr'>coniugio</span> <span class='ocrx_word' id='word_1_122' title='bbox 278 1322 428 1387; x_wconf 79' lang='lat' dir='ltr'>cognitam,</span> <span class='ocrx_word' id='word_1_123' title='bbox 439 1320 490 1370; x_wconf 87' lang='lat' dir='ltr'>scd</span> <span class='ocrx_word' id='word_1_124' title='bbox 500 1335 583 1387; x_wconf 83' lang='lat' dir='ltr'>quarn</span> <span class='ocrx_word' id='word_1_125' title='bbox 591 1320 774 1387; x_wconf 78' lang='lat' dir='ltr'>indagaverat</span> <span class='ocrx_word' id='word_1_126' title='bbox 781 1334 870 1386; x_wconf 82' lang='lat' dir='ltr'>vagus</span> 
     </span>
     <span class='ocr_line' id='line_1_19' title="bbox 64 1385 869 1453; baseline 0.001 -18"><span class='ocrx_word' id='word_1_127' title='bbox 64 1385 153 1437; x_wconf 89' lang='lat' dir='ltr'>ardor</span> <span class='ocrx_word' id='word_1_128' title='bbox 162 1386 209 1436; x_wconf 93' lang='lat' dir='ltr'>ino</span> <span class='ocrx_word' id='word_1_129' title='bbox 230 1403 244 1436; x_wconf 93' lang='lat' dir='ltr'>s</span> <span class='ocrx_word' id='word_1_130' title='bbox 253 1386 431 1453; x_wconf 67' lang='lat' dir='ltr'>prudentiam</span> <span class='ocrx_word' id='word_1_131' title='bbox 449 1387 590 1439; x_wconf 85' lang='lat' dir='ltr'>sedunam</span> <span class='ocrx_word' id='word_1_132' title='bbox 599 1393 705 1449; x_wconf 88' lang='lat' dir='ltr'>tamen,</span> <span class='ocrx_word' id='word_1_133' title='bbox 720 1388 748 1437; x_wconf 90' lang='lat' dir='ltr'>ei</span> <span class='ocrx_word' id='word_1_134' title='bbox 758 1400 869 1453; x_wconf 89' lang='lat' dir='ltr'>quoque</span> 
     </span>
     <span class='ocr_line' id='line_1_20' title="bbox 65 1401 869 1522; baseline 0 -18"><span class='ocrx_word' id='word_1_135' title='bbox 65 1468 183 1504; x_wconf 73' lang='lat' dir='ltr'>servans</span> <span class='ocrx_word' id='word_1_136' title='bbox 198 1401 272 1504; x_wconf 56' lang='lat' dir='ltr'>tEori</span> <span class='ocrx_word' id='word_1_137' title='bbox 281 1453 383 1518; x_wconf 80' lang='lat' dir='ltr'>fidem,</span> <span class='ocrx_word' id='word_1_138' title='bbox 396 1454 427 1505; x_wconf 84' lang='lat' dir='ltr'>in</span> <span class='ocrx_word' id='word_1_139' title='bbox 439 1469 495 1522; x_wconf 85' lang='lat' dir='ltr'>qua</span> <span class='ocrx_word' id='word_1_140' title='bbox 509 1469 577 1506; x_wconf 85' lang='lat' dir='ltr'>sane</span> <span class='ocrx_word' id='word_1_141' title='bbox 587 1455 731 1521; x_wconf 79' lang='lat' dir='ltr'>experirer</span> <span class='ocrx_word' id='word_1_142' title='bbox 740 1453 869 1520; x_wconf 83' lang='lat' dir='ltr'>exemplo</span> 
     </span>
     <span class='ocr_line' id='line_1_21' title="bbox 64 1517 869 1588; baseline -0.001 -17"><span class='ocrx_word' id='word_1_143' title='bbox 64 1535 146 1582; x_wconf 89' lang='lat' dir='ltr'>meo,</span> <span class='ocrx_word' id='word_1_144' title='bbox 167 1517 234 1586; x_wconf 87' lang='lat' dir='ltr'>quid</span> <span class='ocrx_word' id='word_1_145' title='bbox 249 1521 367 1573; x_wconf 88' lang='lat' dir='ltr'>distaret</span> <span class='ocrx_word' id='word_1_146' title='bbox 379 1523 452 1574; x_wconf 86' lang='lat' dir='ltr'>inter</span> <span class='ocrx_word' id='word_1_147' title='bbox 467 1521 623 1588; x_wconf 81' lang='lat' dir='ltr'>coniugalis</span> <span class='ocrx_word' id='word_1_148' title='bbox 638 1521 735 1587; x_wconf 84' lang='lat' dir='ltr'>placiti</span> <span class='ocrx_word' id='word_1_149' title='bbox 747 1520 869 1582; x_wconf 88' lang='lat' dir='ltr'>modum,</span> 
     </span>
     <span class='ocr_line' id='line_1_22' title="bbox 65 1585 870 1655; baseline 0 -17"><span class='ocrx_word' id='word_1_150' title='bbox 65 1588 144 1654; x_wconf 88' lang='lat' dir='ltr'>quod</span> <span class='ocrx_word' id='word_1_151' title='bbox 157 1585 333 1640; x_wconf 83' lang='lat' dir='ltr'>foederatum</span> <span class='ocrx_word' id='word_1_152' title='bbox 348 1595 424 1640; x_wconf 87' lang='lat' dir='ltr'>esset</span> <span class='ocrx_word' id='word_1_153' title='bbox 436 1588 589 1655; x_wconf 87' lang='lat' dir='ltr'>generandi</span> <span class='ocrx_word' id='word_1_154' title='bbox 604 1589 706 1654; x_wconf 55' lang='lat' dir='ltr'>gratim</span> <span class='ocrx_word' id='word_1_155' title='bbox 722 1592 752 1637; x_wconf 90' lang='lat' dir='ltr'>et</span> <span class='ocrx_word' id='word_1_156' title='bbox 759 1593 870 1653; x_wconf 87' lang='lat' dir='ltr'>pactum</span> 
     </span>
     <span class='ocr_line' id='line_1_23' title="bbox 63 1655 869 1722; baseline -0.005 -16"><span class='ocrx_word' id='word_1_157' title='bbox 63 1655 212 1706; x_wconf 79' lang='lat' dir='ltr'>libidinosi</span> <span class='ocrx_word' id='word_1_158' title='bbox 223 1655 338 1718; x_wconf 84' lang='lat' dir='ltr'>amoris,</span> <span class='ocrx_word' id='word_1_159' title='bbox 353 1655 401 1707; x_wconf 91' lang='lat' dir='ltr'>ubi</span> <span class='ocrx_word' id='word_1_160' title='bbox 410 1655 504 1722; x_wconf 88' lang='lat' dir='ltr'>proles</span> <span class='ocrx_word' id='word_1_161' title='bbox 515 1655 599 1705; x_wconf 88' lang='lat' dir='ltr'>etiarn</span> <span class='ocrx_word' id='word_1_162' title='bbox 610 1659 708 1712; x_wconf 86' lang='lat' dir='ltr'>contra</span> <span class='ocrx_word' id='word_1_163' title='bbox 716 1659 811 1704; x_wconf 83' lang='lat' dir='ltr'>votum</span> <span class='ocrx_word' id='word_1_164' title='bbox 821 1668 869 1702; x_wconf 87' lang='lat' dir='ltr'>na·</span> 
     </span>
     <span class='ocr_line' id='line_1_24' title="bbox 64 1719 867 1788; baseline -0.002 -16"><span class='ocrx_word' id='word_1_165' title='bbox 64 1723 168 1785; x_wconf 81' lang='lat' dir='ltr'>scitur3</span> <span class='ocrx_word' id='word_1_166' title='bbox 187 1725 310 1788; x_wconf 87' lang='lat' dir='ltr'>quamvis</span> <span class='ocrx_word' id='word_1_167' title='bbox 329 1723 385 1774; x_wconf 83' lang='lat' dir='ltr'>iam</span> <span class='ocrx_word' id='word_1_168' title='bbox 404 1731 470 1773; x_wconf 87' lang='lat' dir='ltr'>nata</span> <span class='ocrx_word' id='word_1_169' title='bbox 489 1726 574 1787; x_wconf 84' lang='lat' dir='ltr'>cogat</span> <span class='ocrx_word' id='word_1_170' title='bbox 591 1734 622 1771; x_wconf 88' lang='lat' dir='ltr'>se</span> <span class='ocrx_word' id='word_1_171' title='bbox 636 1719 726 1786; x_wconf 86' lang='lat' dir='ltr'>diligi.</span> <span class='ocrx_word' id='word_1_172' title='bbox 760 1719 867 1771; x_wconf 84' lang='lat' dir='ltr'>Recolo</span> 
     </span>
     <span class='ocr_line' id='line_1_25' title="bbox 65 1785 867 1851; baseline -0.004 -12"><span class='ocrx_word' id='word_1_173' title='bbox 65 1789 166 1851; x_wconf 89' lang='lat' dir='ltr'>etiam,</span> <span class='ocrx_word' id='word_1_174' title='bbox 186 1805 248 1840; x_wconf 85' lang='lat' dir='ltr'>curn</span> <span class='ocrx_word' id='word_1_175' title='bbox 265 1788 333 1840; x_wconf 89' lang='lat' dir='ltr'>mihi</span> <span class='ocrx_word' id='word_1_176' title='bbox 351 1788 482 1840; x_wconf 87' lang='lat' dir='ltr'>theatrici</span> <span class='ocrx_word' id='word_1_177' title='bbox 497 1786 627 1838; x_wconf 78' lang='lat' dir='ltr'>carminis</span> <span class='ocrx_word' id='word_1_178' title='bbox 642 1793 782 1845; x_wconf 79' lang='lat' dir='ltr'>certamen</span> <span class='ocrx_word' id='word_1_179' title='bbox 795 1785 867 1837; x_wconf 88' lang='lat' dir='ltr'>inire</span> 
     </span>
     <span class='ocr_line' id='line_1_26' title="bbox 64 1851 867 1923; baseline -0.002 -18"><span class='ocrx_word' id='word_1_180' title='bbox 64 1855 234 1923; x_wconf 84' lang='lat' dir='ltr'>placuisset,</span> <span class='ocrx_word' id='word_1_181' title='bbox 248 1856 394 1907; x_wconf 85' lang='lat' dir='ltr'>mandasse</span> <span class='ocrx_word' id='word_1_182' title='bbox 407 1855 473 1906; x_wconf 87' lang='lat' dir='ltr'>mihi</span> <span class='ocrx_word' id='word_1_183' title='bbox 484 1855 580 1907; x_wconf 87' lang='lat' dir='ltr'>nescio</span> <span class='ocrx_word' id='word_1_184' title='bbox 591 1868 673 1920; x_wconf 83' lang='lat' dir='ltr'>quem</span> <span class='ocrx_word' id='word_1_185' title='bbox 682 1851 867 1920; x_wconf 89' lang='lat' dir='ltr'>haruspicem,</span> 
     </span>
     <span class='ocr_line' id='line_1_27' title="bbox 65 1922 868 1988; baseline -0.001 -16"><span class='ocrx_word' id='word_1_186' title='bbox 65 1923 168 1988; x_wconf 88' lang='lat' dir='ltr'>quidei</span> <span class='ocrx_word' id='word_1_187' title='bbox 178 1922 245 1974; x_wconf 87' lang='lat' dir='ltr'>dara</span> <span class='ocrx_word' id='word_1_188' title='bbox 252 1923 389 1974; x_wconf 88' lang='lat' dir='ltr'>mercedis</span> <span class='ocrx_word' id='word_1_189' title='bbox 399 1923 509 1985; x_wconf 83' lang='lat' dir='ltr'>vellem,</span> <span class='ocrx_word' id='word_1_190' title='bbox 517 1927 549 1972; x_wconf 91' lang='lat' dir='ltr'>ut</span> <span class='ocrx_word' id='word_1_191' title='bbox 557 1922 764 1984; x_wconf 79' lang='lat' dir='ltr'>vincerem3me</span> <span class='ocrx_word' id='word_1_192' title='bbox 774 1927 868 1974; x_wconf 87' lang='lat' dir='ltr'>autem</span> 
     </span>
     <span class='ocr_line' id='line_1_28' title="bbox 64 1987 866 2042; baseline 0.001 -4"><span class='ocrx_word' id='word_1_193' title='bbox 64 1988 153 2040; x_wconf 81' lang='lat' dir='ltr'>foeda</span> <span class='ocrx_word' id='word_1_194' title='bbox 174 1989 225 2040; x_wconf 88' lang='lat' dir='ltr'>illa</span> <span class='ocrx_word' id='word_1_195' title='bbox 247 1996 421 2042; x_wconf 84' lang='lat' dir='ltr'>sacramenta</span> <span class='ocrx_word' id='word_1_196' title='bbox 443 1989 613 2042; x_wconf 84' lang='lat' dir='ltr'>detestatum</span> <span class='ocrx_word' id='word_1_197' title='bbox 631 1994 661 2038; x_wconf 87' lang='lat' dir='ltr'>et</span> <span class='ocrx_word' id='word_1_198' title='bbox 679 1987 866 2040; x_wconf 85' lang='lat' dir='ltr'>abominatum</span> 
     </span>
     <span class='ocr_line' id='line_1_29' title="bbox 64 2056 866 2122; baseline 0 -16"><span class='ocrx_word' id='word_1_199' title='bbox 64 2056 259 2122; x_wconf 81' lang='lat' dir='ltr'>respondisse:</span> <span class='ocrx_word' id='word_1_200' title='bbox 277 2071 329 2110; x_wconf 88' lang='lat' dir='ltr'>nec</span> <span class='ocrx_word' id='word_1_201' title='bbox 348 2058 373 2108; x_wconf 91' lang='lat' dir='ltr'>si</span> <span class='ocrx_word' id='word_1_202' title='bbox 392 2071 425 2108; x_wconf 90' lang='lat' dir='ltr'>co</span> <span class='ocrx_word' id='word_1_203' title='bbox 480 2056 567 2107; x_wconf 86' lang='lat' dir='ltr'>ailla</span> <span class='ocrx_word' id='word_1_204' title='bbox 583 2065 659 2108; x_wconf 87' lang='lat' dir='ltr'>esset</span> <span class='ocrx_word' id='word_1_205' title='bbox 672 2056 866 2108; x_wconf 87' lang='lat' dir='ltr'>immortaliter</span> 
     </span>
     <span class='ocr_line' id='line_1_30' title="bbox 66 2123 866 2190; baseline 0.003 -18"><span class='ocrx_word' id='word_1_206' title='bbox 66 2137 165 2186; x_wconf 88' lang='lat' dir='ltr'>aurea,</span> <span class='ocrx_word' id='word_1_207' title='bbox 184 2139 308 2175; x_wconf 85' lang='lat' dir='ltr'>muscam</span> <span class='ocrx_word' id='word_1_208' title='bbox 325 2139 376 2190; x_wconf 88' lang='lat' dir='ltr'>pro</span> <span class='ocrx_word' id='word_1_209' title='bbox 391 2139 418 2176; x_wconf 83' lang='lat' dir='ltr'>m</span> <span class='ocrx_word' id='word_1_210' title='bbox 468 2124 510 2174; x_wconf 86' lang='lat' dir='ltr'>ria</span> <span class='ocrx_word' id='word_1_211' title='bbox 523 2137 587 2174; x_wconf 89' lang='lat' dir='ltr'>mea</span> <span class='ocrx_word' id='word_1_212' title='bbox 599 2123 694 2175; x_wconf 83' lang='lat' dir='ltr'>necari</span> <span class='ocrx_word' id='word_1_213' title='bbox 706 2137 751 2174; x_wconf 88' lang='lat' dir='ltr'>me</span> <span class='ocrx_word' id='word_1_214' title='bbox 764 2124 866 2174; x_wconf 71' lang='lat' dir='ltr'>sinere·</span> 
     </span>
     <span class='ocr_line' id='line_1_31' title="bbox 65 2189 866 2250; baseline 0 -10"><span class='ocrx_word' id='word_1_215' title='bbox 65 2189 224 2242; x_wconf 87' lang='lat' dir='ltr'>Necaturus</span> <span class='ocrx_word' id='word_1_216' title='bbox 234 2191 307 2242; x_wconf 82' lang='lat' dir='ltr'>enirn</span> <span class='ocrx_word' id='word_1_217' title='bbox 315 2197 378 2242; x_wconf 86' lang='lat' dir='ltr'>erat</span> <span class='ocrx_word' id='word_1_218' title='bbox 386 2191 435 2242; x_wconf 86' lang='lat' dir='ltr'>illc</span> <span class='ocrx_word' id='word_1_219' title='bbox 443 2191 474 2242; x_wconf 91' lang='lat' dir='ltr'>in</span> <span class='ocrx_word' id='word_1_220' title='bbox 482 2190 629 2242; x_wconf 77' lang='lat' dir='ltr'>sacrificiis</span> <span class='ocrx_word' id='word_1_221' title='bbox 638 2190 696 2242; x_wconf 88' lang='lat' dir='ltr'>suis</span> <span class='ocrx_word' id='word_1_222' title='bbox 706 2191 866 2250; x_wconf 79' lang='lat' dir='ltr'>minantia,</span> 
     </span>
     <span class='ocr_line' id='line_1_32' title="bbox 66 2255 864 2324; baseline -0.001 -17"><span class='ocrx_word' id='word_1_223' title='bbox 66 2267 95 2308; x_wconf 91' lang='lat' dir='ltr'>et</span> <span class='ocrx_word' id='word_1_224' title='bbox 108 2256 166 2309; x_wconf 85' lang='lat' dir='ltr'>illis</span> <span class='ocrx_word' id='word_1_225' title='bbox 179 2255 332 2308; x_wconf 84' lang='lat' dir='ltr'>honoribus</span> <span class='ocrx_word' id='word_1_226' title='bbox 347 2258 512 2319; x_wconf 74' lang='lat' dir='ltr'>invitaturus</span> <span class='ocrx_word' id='word_1_227' title='bbox 526 2255 594 2308; x_wconf 88' lang='lat' dir='ltr'>mihi</span> <span class='ocrx_word' id='word_1_228' title='bbox 604 2256 792 2324; x_wconf 82' lang='lat' dir='ltr'>srrifragatura</span> <span class='ocrx_word' id='word_1_229' title='bbox 802 2257 864 2307; x_wconf 89' lang='lat' dir='ltr'>dae·</span> 
     </span>
     <span class='ocr_line' id='line_1_33' title="bbox 65 2321 867 2390; baseline -0.001 -16"><span class='ocrx_word' id='word_1_230' title='bbox 65 2326 161 2375; x_wconf 85' lang='lat' dir='ltr'>monia</span> <span class='ocrx_word' id='word_1_231' title='bbox 179 2323 333 2377; x_wconf 82' lang='lat' dir='ltr'>videbatur.</span> <span class='ocrx_word' id='word_1_232' title='bbox 369 2324 425 2377; x_wconf 85' lang='lat' dir='ltr'>Sed</span> <span class='ocrx_word' id='word_1_233' title='bbox 444 2321 497 2376; x_wconf 87' lang='lat' dir='ltr'>hoc</span> <span class='ocrx_word' id='word_1_234' title='bbox 517 2338 627 2390; x_wconf 76' lang='lat' dir='ltr'>quoque</span> <span class='ocrx_word' id='word_1_235' title='bbox 644 2325 746 2375; x_wconf 88' lang='lat' dir='ltr'>malum</span> <span class='ocrx_word' id='word_1_236' title='bbox 759 2339 816 2374; x_wconf 88' lang='lat' dir='ltr'>non</span> <span class='ocrx_word' id='word_1_237' title='bbox 831 2337 867 2374; x_wconf 85' lang='lat' dir='ltr'>ex</span> 
     </span>
     <span class='ocr_line' id='line_1_34' title="bbox 64 2389 865 2458; baseline -0.002 -18"><span class='ocrx_word' id='word_1_238' title='bbox 64 2399 114 2442; x_wconf 87' lang='lat' dir='ltr'>tua</span> <span class='ocrx_word' id='word_1_239' title='bbox 123 2393 254 2442; x_wconf 84' lang='lat' dir='ltr'>castitate</span> <span class='ocrx_word' id='word_1_240' title='bbox 264 2390 421 2458; x_wconf 81' lang='lat' dir='ltr'>repudiavi,</span> <span class='ocrx_word' id='word_1_241' title='bbox 431 2391 507 2442; x_wconf 87' lang='lat' dir='ltr'>Deus</span> <span class='ocrx_word' id='word_1_242' title='bbox 518 2391 611 2443; x_wconf 86' lang='lat' dir='ltr'>cordis</span> <span class='ocrx_word' id='word_1_243' title='bbox 620 2391 686 2442; x_wconf 87' lang='lat' dir='ltr'>mei.</span> <span class='ocrx_word' id='word_1_244' title='bbox 718 2389 782 2455; x_wconf 75' lang='lat' dir='ltr'>Non</span> <span class='ocrx_word' id='word_1_245' title='bbox 793 2389 865 2439; x_wconf 83' lang='lat' dir='ltr'>eninr</span> 
     </span>
     <span class='ocr_line' id='line_1_35' title="bbox 66 2455 866 2525; baseline -0.006 -17"><span class='ocrx_word' id='word_1_246' title='bbox 66 2472 160 2509; x_wconf 87' lang='lat' dir='ltr'>amare</span> <span class='ocrx_word' id='word_1_247' title='bbox 169 2465 198 2510; x_wconf 89' lang='lat' dir='ltr'>te</span> <span class='ocrx_word' id='word_1_248' title='bbox 209 2469 354 2519; x_wconf 80' lang='lat' dir='ltr'>noveram,</span> <span class='ocrx_word' id='word_1_249' title='bbox 369 2459 416 2525; x_wconf 86' lang='lat' dir='ltr'>qui</span> <span class='ocrx_word' id='word_1_250' title='bbox 425 2458 479 2509; x_wconf 88' lang='lat' dir='ltr'>nisi</span> <span class='ocrx_word' id='word_1_251' title='bbox 489 2457 615 2525; x_wconf 84' lang='lat' dir='ltr'>fulgores</span> <span class='ocrx_word' id='word_1_252' title='bbox 626 2469 779 2524; x_wconf 85' lang='lat' dir='ltr'>corporeos</span> <span class='ocrx_word' id='word_1_253' title='bbox 789 2455 866 2520; x_wconf 85' lang='lat' dir='ltr'>cogi·</span> 
     </span>
     <span class='ocr_line' id='line_1_36' title="bbox 65 2521 867 2589; baseline -0.01 -13"><span class='ocrx_word' id='word_1_254' title='bbox 65 2537 126 2577; x_wconf 87' lang='lat' dir='ltr'>tare</span> <span class='ocrx_word' id='word_1_255' title='bbox 145 2539 203 2577; x_wconf 87' lang='lat' dir='ltr'>nan</span> <span class='ocrx_word' id='word_1_256' title='bbox 221 2538 361 2576; x_wconf 83' lang='lat' dir='ltr'>noveram.</span> <span class='ocrx_word' id='word_1_257' title='bbox 397 2524 512 2576; x_wconf 85' lang='lat' dir='ltr'>Talibus</span> <span class='ocrx_word' id='word_1_258' title='bbox 531 2525 604 2576; x_wconf 82' lang='lat' dir='ltr'>enim</span> <span class='ocrx_word' id='word_1_259' title='bbox 621 2523 762 2589; x_wconf 80' lang='lat' dir='ltr'>figmentis</span> <span class='ocrx_word' id='word_1_260' title='bbox 776 2521 867 2584; x_wconf 52' lang='lat' dir='ltr'>auspi*</span> 
     </span>
    </p>
   </div>
   <div class='ocr_carea' id='block_1_5' title="bbox 64 2578 974 2654">
    <p class='ocr_par' dir='ltr' id='par_1_5' title="bbox 64 2578 974 2654">
     <span class='ocr_line' id='line_1_37' title="bbox 64 2578 974 2654; baseline -0.015 -9"><span class='ocrx_word' id='word_1_261' title='bbox 64 2607 130 2644; x_wconf 89' lang='lat' dir='ltr'>rans</span> <span class='ocrx_word' id='word_1_262' title='bbox 141 2593 246 2654; x_wconf 87' lang='lat' dir='ltr'>anima,</span> <span class='ocrx_word' id='word_1_263' title='bbox 256 2605 348 2642; x_wconf 88' lang='lat' dir='ltr'>nonne</span> <span class='ocrx_word' id='word_1_264' title='bbox 356 2588 511 2644; x_wconf 79' lang='lat' dir='ltr'>fornicatur</span> <span class='ocrx_word' id='word_1_265' title='bbox 521 2587 571 2641; x_wconf 77' lang='lat' dir='ltr'>abs</span> <span class='ocrx_word' id='word_1_266' title='bbox 580 2597 618 2652; x_wconf 89' lang='lat' dir='ltr'>te,</span> <span class='ocrx_word' id='word_1_267' title='bbox 629 2596 659 2638; x_wconf 87' lang='lat' dir='ltr'>et</span> <span class='ocrx_word' id='word_1_268' title='bbox 668 2578 865 2645; x_wconf 79' lang='lat' dir='ltr'>fiditiuialsis&#39;,</span> <span class='ocrx_word' id='word_1_269' title='bbox 894 2606 897 2612; x_wconf 90' lang='lat'>·</span> <span class='ocrx_word' id='word_1_270' title='bbox 972 2605 974 2609; x_wconf 95' lang='lat'>·</span> 
     </span>
    </p>
   </div>
   <div class='ocr_carea' id='block_1_6' title="bbox 65 2649 866 2726">
    <p class='ocr_par' dir='ltr' id='par_1_6' title="bbox 65 2649 866 2726">
     <span class='ocr_line' id='line_1_38' title="bbox 65 2649 866 2726; baseline -0.017 -14"><span class='ocrx_word' id='word_1_271' title='bbox 65 2657 311 2726; x_wconf 74' lang='lat' dir='ltr'>etpmeitventori</span> <span class='ocrx_word' id='word_1_272' title='bbox 328 2654 411 2722; x_wconf 83' lang='lat' dir='ltr'>(lios.</span> <span class='ocrx_word' id='word_1_273' title='bbox 422 2660 463 2712; x_wconf 83' lang='lat'>12.</span> <span class='ocrx_word' id='word_1_274' title='bbox 473 2660 519 2720; x_wconf 62' lang='grc'>2.)</span> <span class='ocrx_word' id='word_1_275' title='bbox 547 2656 605 2708; x_wconf 81' lang='lat' dir='ltr'>Sed</span> <span class='ocrx_word' id='word_1_276' title='bbox 619 2653 752 2704; x_wconf 80' lang='lat' dir='ltr'>videlicet</span> <span class='ocrx_word' id='word_1_277' title='bbox 761 2649 866 2702; x_wconf 81' lang='lat' dir='ltr'>sacrifi·</span> 
     </span>
    </p>
   </div>
   <div class='ocr_carea' id='block_1_7' title="bbox 939 666 946 698">
    <p class='ocr_par' dir='ltr' id='par_1_7' title="bbox 939 666 946 698">
     <span class='ocr_line' id='line_1_39' title="bbox 939 666 946 698; baseline 0 0"><span class='ocrx_word' id='word_1_278' title='bbox 939 666 946 698; x_wconf 95' lang='lat' dir='ltr'>l</span> 
     </span>
    </p>
   </div>
   <div class='ocr_carea' id='block_1_8' title="bbox 0 0 1030 2925">
    <p class='ocr_par' dir='ltr' id='par_1_8' title="bbox 0 0 1030 2925">
     <span class='ocr_line' id='line_1_40' title="bbox 0 0 1030 2925; baseline 0 0"><span class='ocrx_word' id='word_1_279' title='bbox 0 0 1030 2925; x_wconf 95' lang='lat' dir='ltr'> </span> 
     </span>
    </p>
   </div>
  </div>
 </body>
</html>
