2050 2925
72 96 85 104 '
193 74 744 173 courrssrouuuaiarnxrr.
817 120 867 173 aar

66 217 106 269 tis
120 217 240 269 eulmine
249 217 555 277 omniumiaisarumso
575 220 756 289 erbas-umque
767 220 869 276 doetri-

67 299 167 336 aarum
185 283 270 335 rerba
282 293 472 352 superaturae.
506 284 560 339 Vei
572 302 615 339 em
629 286 743 355 quippe,
763 288 790 372 a}
802 295 868 341 tuno

67 365 125 418 ego
141 366 233 403 essem
240 352 358 418 Moyses
370 354 418 414 (ex
430 351 530 405 eadem
542 368 659 420 namque
670 368 762 405 massa
773 368 870 407 omnes

67 420 209 481 venimus3
236 426 266 471 et
286 419 353 485 quid
376 426 419 470 est
438 417 536 483 homo,
555 421 609 471 nisi
629 420 694 487 quia
711 434 869 484 memores

68 485 162 548 eiust)
180 485 282 536 veliem
297 499 380 553 ergo,
395 485 421 536 si
432 494 499 541 tune
512 501 567 554 ego
579 502 670 539 essem
680 487 755 557 quod
764 488 827 550 iile,
842 493 871 539 et

66 550 139 603 mibi
152 551 201 603 abs
214 561 242 603 te
253 552 399 605 Geneseos
411 552 483 605 liber
494 552 658 607 scribendus
668 555 870 622 iniungerotur,

67 619 155 670 talem
165 617 233 669 nribi
243 619 394 737 eloquendi
402 618 564 672 facultatem
573 620 647 684 dari,
663 628 692 673 et
702 636 765 673 eum
775 627 870 673 texon-
904 651 908 658 -

66 687 96 737 di
103 687 241 737 sermonis
247 702 293 738 uso
314 693 406 750 um,ut
414 702 504 755 neque
513 689 566 752 illi,
578 689 625 756 qui
634 688 755 741 nondum
766 694 871 757 queunt

65 752 242 820 intelligere,
266 754 496 833 quemadmodum
514 754 592 807 Deus
616 762 705 819 creat,
725 750 870 823 ‘tamquam

67 820 235 871 excedentia
252 835 327 872 vires
347 836 412 873 suas
425 822 500 873 diota
512 828 688 887 recusarent3
707 829 736 874 et
747 824 802 887 iili,
821 824 870 890 qui

66 885 123 938 boe
133 888 189 939 iam
198 895 328 954 possunt,
342 888 371 946 iu
381 888 534 955 quamlibet
546 904 636 941 veram
646 891 812 941 sententiam
823 904 868 941 oo·

65 954 184 1022 gitanda
193 955 348 1018 venissent,
363 970 425 1005 eam
435 969 491 1007 nou
500 956 724 1020 praetermissam
734 957 763 1007 iu
772 958 869 1022 pauoia

65 1020 161 1072 verbis
176 1022 219 1073 tui
231 1020 329 1071 ianruli
341 1021 511 1087 reperirent3
529 1027 558 1071 et
572 1020 596 1071 si
610 1021 682 1071 alius
693 1021 775 1071 aliam
785 1022 868 1073 vidis-

64 1094 113 1139 set
121 1088 152 1137 io
163 1086 226 1137 luce
235 1087 372 1150 veritatis,
382 1100 435 1137 nee
445 1087 508 1153 ipsa
516 1087 545 1137 in
554 1086 654 1139 iisdem
664 1087 756 1143 verbis
765 1088 869 1140 inteili-

65 1152 290 1222 gendadeesset.
313 1188 315 1193 -
389 1208 394 1224 ¹
933 1152 941 1167 ⁸

118 1218 149 1271 G.
163 1217 277 1272 xxvii,
312 1218 391 1271 Siout
409 1219 482 1273 enim
499 1218 564 1272 ions
583 1218 612 1271 in
625 1235 710 1287 parvo
723 1218 788 1273 loco
802 1220 868 1272 ube·

64 1288 127 1340 rior
141 1292 199 1349 ast,
212 1286 392 1354 pluribusque
404 1287 472 1338 riris
481 1288 509 1339 in
521 1288 656 1353 ampliora
666 1288 756 1355 spatia
764 1286 868 1339 tiorum

64 1356 218 1416 ministrat,
241 1369 322 1422 quam
342 1354 459 1421 quilibet
477 1369 574 1407 eorum
592 1357 727 1419 rivorum,
748 1356 801 1423 ¹qui
818 1370 868 1422 per
926 1402 929 1406 .

64 1422 154 1475 nauita
166 1421 292 1474 iocorum
304 1421 339 1474 ab
351 1422 450 1475 eodem
459 1422 537 1476 fonte
547 1422 706 1490 deducitur3
724 1422 765 1476 ita
774 1438 867 1476 narra·
910 1448 917 1456 ·

64 1493 108 1542 tio
121 1490 387 1556 dispensatoriam,
401 1491 629 1542 sermocinaturis
657 1489 763 1542 iuribus
774 1489 867 1558 profu·

65 1568 143 1619 tura,
156 1571 242 1625 parvo
255 1557 393 1608 sermonis
406 1547 520 1608 modulo
531 1563 622 1608 scatet
651 1563 735 1608 ueota
743 1556 867 1624 liquidae

65 1623 202 1685 veritatis,
212 1623 286 1675 uode
295 1623 351 1674 sibi
360 1624 476 1690 quisque
486 1637 590 1686 verum,
601 1622 675 1690 quod
686 1621 719 1674 de
730 1620 773 1674 his
783 1623 867 1676 rebus
929 1660 931 1665 ·

66 1696 174 1759 potest,
184 1690 229 1742 bie
239 1690 318 1752 iliud,
328 1690 377 1740 iile
389 1689 467 1751 iilud,
477 1703 529 1754 per
539 1690 586 1740 lon
609 1691 683 1741 'ores
692 1688 867 1756 loquelarum

66 1755 328 1810 amiraetustrabat
363 1757 587 1819 dliieoim‚eum
617 1755 868 1824 aeorerbalegunt

66 1824 114 1877 vel
124 1824 248 1886 audiunt,
257 1824 384 1890 cogitant
392 1823 484 1874 Deum
494 1824 574 1890 quasi
583 1821 732 1886 bominem,
743 1828 791 1875 aut
801 1839 866 1890 qua·

66 1893 93 1943 ri
105 1891 226 1957 aliquam
234 1890 336 1958 molem
345 1891 480 1953 immensa
487 1889 642 1956 praeditam
651 1895 804 1958 potestate,
817 1906 866 1943 oo·

64 1973 101 2018 ro
112 1958 232 2025 quodam
242 1964 271 2009 et
279 1958 424 2025 repentino
433 1957 550 2024 placito,
560 1964 640 2009 extra
649 1973 679 2008 se
689 1959 787 2024 ipsam,
796 1963 865 2009 tam·

64 2039 148 2093 quam
157 2024 228 2076 loeis
239 2024 405 2078 msanubus
414 2023 517 2076 iecisse
529 2025 637 2076 coelum
648 2031 677 2076 et
685 2031 797 2089 terram,
810 2025 864 2080 duo

64 2090 517 2160 maguaeorporasupraetinira,
548 2093 628 2144 uibus
639 2093 732 2144 omnia
741 2094 865 2145 eontine-

64 2166 174 2221 remon
191 2164 220 2210 et
230 2166 294 2210 cum
301 2159 427 2211 audiunt:
446 2159 518 2210 dixit
527 2107 615 2210 Bous:
634 2159 775 2224 batillud,
786 2157 864 2211 otiu·
892 2189 896 2196 α
929 2207 931 2210 .

65 2232 140 2278 mum
151 2231 194 2279 ast
203 2224 281 2287 iilud,
292 2226 416 2293 cogitant
426 2226 510 2277 rerba
519 2231 619 2294 coepta
628 2232 658 2278 et
667 2227 752 2290 finita,
765 2242 864 2278 sonan·

64 2293 107 2344 tia
115 2291 377 2359 temporibusatque
385 2293 567 2356 transeuntia,
575 2299 639 2360 post
649 2308 765 2360 quorum
774 2300 864 2344 trans·

62 2361 134 2412 itam
144 2359 239 2412 atatim
250 2360 402 2422 exsistere,
417 2359 492 2425 quod
505 2359 612 2412 iussum
627 2366 683 2422 est,
697 2368 728 2410 ut
745 2359 862 2420 exsiste·

63 2433 122 2490 ret3
138 2432 169 2478 et
182 2425 207 2478 si
220 2427 287 2493 quid
299 2424 373 2478 forte
384 2425 460 2478 aliud
469 2423 523 2478 hoo
532 2427 615 2478 modo
628 2441 663 2478 ex
672 2423 863 2476 familiaritate

65 2494 157 2546 earnis
168 2493 323 2559 opinantur.
356 2492 387 2543 iu
396 2492 497 2560 quibus
506 2491 597 2544 adbuc
606 2491 728 2558 parvulis
739 2489 862 2542 anbnali·

62 2560 130 2622 bus,
140 2560 205 2612 dum
214 2560 269 2611 isto
279 2558 433 2610 humillimo
443 2573 547 2627 genere
557 2560 713 2621 verborum,
723 2564 863 2624 tamquam

63 2634 191 2680 materno
210 2626 274 2678 sinu
285 2641 382 2680 eorum
394 2633 523 2696 gestatur
535 2626 695 2689 iufirmitas,
713 2623 863 2677 salubriter
909 2641 911 2646 ·
