2050 2925
138 114 143 117 ⁴
207 148 524 205 consessionem
541 150 666 205 creec
683 115 767 207 x11'1.
799 179 803 188 ι
830 154 881 207 me

80 265 221 323 pervaoue
247 252 317 304 solis
344 253 506 319 aquatilium
534 260 563 311 ct
589 252 730 305 hominum
756 254 880 307 foetibus

79 325 166 374 istam
185 320 408 371 benedictionem
428 319 576 383 adtribuit,
598 321 750 373 invenimus
769 322 880 389 quidem

81 387 275 439 multitudines
286 389 352 437 etin
361 387 496 437 creaturis
506 388 770 457 spiritalibusatquc
781 402 880 455 eorpo-

83 455 205 516 ralibus,
222 460 361 519 tamquam
378 456 408 520 in
426 454 497 504 coelo
508 453 541 504 'et
553 454 582 503 in
596 462 680 517 terrm
699 456 768 505 etin
782 456 881 506 animis

83 523 168 572 iustis
178 527 208 571 et
216 521 328 585 iniquis,
338 526 477 586 tamquam
484 522 515 571 in
523 522 580 571 lucc
590 522 656 571 etin
666 521 779 572 tenebris
783 538 796 583 ,·
815 524 883 573 etin

82 589 189 640 sanctis
202 586 374 649 semoribus,
387 601 438 653 per
446 601 517 653 quos
526 588 573 638 lex
581 587 737 639 ministrata
747 594 801 650 est,
815 595 882 639 tam·

83 668 166 721 quam
175 651 394 719 infirmantem,
409 653 483 719 quod
492 654 641 705 solidatum
652 662 696 706 est
704 654 775 706 inter
784 670 882 721 aquom

83 729 113 773 ct
124 735 241 786 aquam
258 727 287 770 et
298 722 327 770 in
341 722 478 771 societate
489 722 697 773 amaricantium
706 722 881 789 populorum,

82 794 224 853 tamquam
242 789 272 839 in
289 786 370 850 mari3
388 787 464 838 etin
482 788 576 839 studio
595 790 746 839 ammarum
764 789 882 854 piarum,

83 861 225 919 tamquam
238 853 268 903 in
281 853 371 918 asim
389 860 418 905 et
431 854 461 903 in
474 855 605 921 operibus
617 843 827 907 misericcidise
838 870 881 905 se-

83 921 203 971 cundum
216 928 391 986 praesentem
402 920 501 981 ritum,
513 925 654 986 tamquam
665 921 791 972 inberbis
805 921 880 971 surri-

81 986 188 1037 saties
207 994 234 1037 et
249 986 331 1050 liguis
337 985 513 1055 fructifer-⁸⁸13
532 991 561 1034 ct
571 987 600 1035 in
615 987 785 1051 spiritalibus
799 988 881 1038 donis

81 1051 269 1104 manifestatis
279 1053 315 1101 ad
324 1052 483 1111 utilitatem,
494 1050 568 1101 sicut
577 1052 606 1099 in
615 1051 788 1113 luminaribus
799 1054 881 1114 coeli,·

82 1125 113 1169 et
122 1120 152 1167 in
162 1116 318 1166 adfectibus
327 1115 455 1167 formatis
465 1116 500 1167 ad
510 1118 732 1182 temperantiam,
742 1125 881 1185 tamquam

81 1188 113 1237 in
131 1182 222 1233 antem
234 1181 305 1244 oica3
322 1183 352 1232 in
366 1180 409 1233 his
422 1183 549 1233 omnibus
562 1184 746 1235 nanciscimur
759 1186 881 1237 multitu·

83 1252 177 1312 dines,
187 1254 216 1299 et
224 1249 379 1311 ubertates,
394 1255 423 1299 et
431 1249 613 1301 incrementa:
631 1251 681 1302 sed
692 1252 816 1318 quodita
825 1268 881 1303 cre·

80 1324 143 1369 scat
151 1322 179 1366 ct
187 1314 382 1382 multiplicetur,
392 1321 424 1365 ut
433 1331 488 1367 una
496 1331 543 1369 res
552 1318 647 1369 multis
656 1318 746 1370 modis
757 1321 881 1389 enuntie-
919 1348 925 1363 r

80 1392 141 1445 tur,
152 1389 181 1433 et
189 1396 245 1437 una
254 1383 409 1434 enuntiatio
418 1384 514 1435 multis
526 1385 616 1436 modis
627 1386 813 1454 intelligetur,
825 1402 882 1439 non

80 1452 251 1513 invenimus,
260 1450 315 1513 nisi
324 1451 353 1501 in
362 1451 451 1518 signis
461 1453 647 1518 corporaliter
657 1452 748 1516 editis,
760 1459 788 1506 et
796 1454 881 1506 rebus

81 1517 300 1584 intelligibiliter
312 1519 488 1583 excogitatis.
525 1517 611 1584 Signa
626 1520 810 1586 corporaliter
823 1519 880 1575 edi'-

80 1593 121 1648 ta,
131 1584 326 1652 generationes
336 1597 468 1648 aquarum
477 1590 591 1650 propter
600 1587 773 1636 necessarias
783 1601 881 1638 causas

83 1651 203 1702 carnalis
217 1648 426 1716 profunditatis3
443 1663 490 1700 res
503 1656 596 1700 autem
608 1651 825 1718 intelligibiliter
835 1667 881 1704 ex·

83 1721 231 1785 cogitatas,
238 1713 881 1834 generationeshumanesprppterrationisfoe-

83 1782 617 1850 canditatemintelligimus.lltideoere
640 1783 880 1851 'musutriqueho

81 1866 143 1903 rum
157 1853 251 1917 generi
267 1850 371 1901 dictum
389 1864 452 1900 esse
466 1851 516 1900 abs
529 1857 571 1913 te,
584 1849 714 1901 Domine:
732 1851 841 1902 crescite
855 1860 882 1902 ct

81 1916 302 1984 multiplicamini.
336 1914 709 1968 luhacenimbenedtctione
718 1931 880 1968 concessam

83 1985 165 2036 nobis
178 2000 195 2034 a
208 1991 237 2035 te
250 1989 418 2049 potestatem
428 1990 457 2035 et
465 1983 626 2045 facultatem
640 1983 760 2051 accipio,
774 1991 803 2035 et
812 1985 879 2036 mul-

81 2052 120 2102 tis
132 2051 222 2102 modis
237 2052 394 2112 enuntiare,
409 2051 483 2116 quod
498 2067 553 2102 uno
564 2051 647 2102 modo
658 2051 830 2102 intellectum
839 2058 879 2102 te·
948 2081 950 2084 -

81 2119 235 2179 nutrimus,
249 2124 277 2169 et
286 2119 382 2168 multis
393 2118 484 2170 modis
493 2119 664 2186 intelligere,
670 2118 749 2236 tpuotl
761 2119 879 2170 obscure

80 2199 138 2236 uno
165 2184 249 2234 modo
277 2185 447 2234 enuntiatum
474 2185 634 2252 legerimus.

81 2265 169 2317 oquae
180 2249 278 2316 mari&
289 2265 360 2317 quae
373 2265 428 2301 non
437 2257 595 2316 moventur,
608 2253 663 2302 nisi
672 2267 689 2302 a
698 2251 783 2302 variis
793 2251 878 2318 signi-

63 2373 69 2385 ,
82 2317 270 2379 litationibus3
288 2317 330 2366 sic
342 2327 372 2376 et
384 2316 506 2375 foetibus
519 2317 645 2369 humanis
657 2318 781 2385 impletur
790 2325 817 2369 et
825 2325 877 2367 ter·

81 2381 127 2445 ta,
143 2383 221 2434 cuius
234 2381 347 2433 ariditas
360 2384 472 2450 adparet
486 2386 516 2436 in
528 2388 635 2450 studio,
651 2392 679 2438 et
688 2384 841 2436 dominatur
851 2383 878 2434 ei

81 2452 163 2502 ratio.

132 2515 162 2568 θ’.
176 2514 263 2566 XXV.
296 2513 372 2566 Volo
403 2517 487 2568 etiam
515 2519 621 2580 dicere,
654 2518 773 2569 Domine
799 2516 877 2568 Deus

690 2185 716 2235 ic
736 2183 879 2252 implentur
977 2234 980 2241 ,

80 2598 173 2645 meus,
184 2583 259 2649 quod
268 2596 312 2633 me
324 2597 496 2649 consequens
506 2591 554 2635 tua
564 2586 699 2650 scriptura
708 2593 876 2646 commonet3
969 2587 972 2594 ⁴

81 2651 226 2716 etdicam,
240 2665 292 2703 uec
305 2649 433 2702 verebor.
467 2651 569 2704 Verum
585 2653 657 2703 enim
672 2650 762 2718 dicam
771 2658 799 2703 te
810 2651 877 2703 milri
