2050 2925
134 61 184 161 rao
332 56 732 161 sonnnrrroeosrrm

133 208 210 277 quod
222 207 274 260 tibi
286 210 486 275 responderem
495 195 797 275 dicenti'mibissnrge,
813 205 860 273 qni
869 207 938 260 dos·-

116 303 119 310 ·
132 274 194 337 mis,
209 283 237 326 et
248 291 361 343 exsurge
374 290 392 326 a
403 274 529 337 mornas,
548 282 575 325 et
587 274 749 325 illuminabit
759 282 785 325 te
796 272 938 331 Christus.

132 338 247 409 (pre's.
256 342 283 405 5,
294 344 347 407 lt)
359 341 396 394 Et
406 342 529 410 undique
542 341 702 396 ostendenti
711 354 777 392 vers
785 348 813 393 te
824 342 940 405 dicere,

82 462 88 465 .
132 424 189 462 non
208 410 394 469 eratomnino
407 411 482 476 quod
494 408 693 476 responderem
705 409 823 459 veritate
836 412 940 459 convi-

64 520 68 526 .
134 483 209 538 ctus,
221 477 278 527 nisi
289 483 395 527 tanturn
407 478 493 527 verba
504 475 581 527 lenta
594 482 623 527 et
632 476 818 527 somnolenta:
835 475 939 538 modo,

87 582 89 587 ·
135 558 202 596 ecce
211 543 305 606 modo,
315 543 375 595 sinc
385 543 535 610 paululum.
571 540 627 595 Sed
636 544 732 605 modo,
743 542 867 593 etmodo
876 557 938 593 non

134 608 406 673 babebnntrnodum3
423 616 453 661 et
462 610 523 661 sine
533 608 686 677 paululum,
699 610 853 677 inlongnnn
864 610 938 660 ibat.

133 677 250 729 Frustra
256 676 470 734 condelectabar
476 677 535 743 legi
541 683 605 727 tuae
614 677 763 729 secundnm
771 676 939 727 interiorem

134 743 286 805 hominem,
300 757 362 794 cum
374 744 422 795 lex
433 744 490 804 alia
501 745 531 795 in
544 744 674 796 membris
685 745 755 795 meis
764 756 834 810 repn
873 750 941 795 aret

134 807 194 877 legi
205 812 306 861 mentis
318 824 411 874 mese,
424 817 453 862 et
466 811 605 879 captimrm
617 824 661 862 me
675 810 791 863 duceret
802 811 832 863 in
853 824 939 877 egem

29 935 33 939 ¹
134 878 256 946 peccati,
280 878 401 944 quaein
417 879 548 931 membris
566 879 636 929 meis
655 884 724 929 eret.
758 878 827 929 Lex
849 879 938 931 enim

134 946 264 1062 Recenti
280 950 330 995 est
341 944 505 997 violentia
518 945 781 1008 consuetudinis,
797 960 859 1012 qua
871 952 943 1011 tra-U

158 1014 225 1064 itur
237 1020 270 1064 et
282 1019 415 1065 tenetur
427 1014 527 1065 etiam
537 1013 659 1063 invitus
672 1012 809 1075 animus,
823 1026 861 1063 eo
874 1026 937 1063 mc·

113 1099 117 1106 ·
135 1082 214 1143 rito,
238 1094 299 1147 quo
321 1080 354 1130 in
375 1096 445 1133 eant
464 1080 580 1131 volens
601 1079 764 1131 illabitur.
798 1078 938 1131 Miserum

136 1162 205 1214 ergo
218 1161 261 1198 mc
271 1148 333 1214 quis
343 1148 477 1200 liberaret
488 1147 523 1198 do
533 1160 651 1213 corpore
661 1148 760 1199 mortis
770 1144 866 1209 huius,
880 1147 938 1197 nisi

135 1214 444 1279 gratiatnaperlesnts
453 1212 903 1265 comtumbominunnostrumt

90 1328 97 1344 ,
187 1280 217 1329 c.
229 1278 276 1329 Vl.
310 1280 347 1329 Et
359 1281 394 1330 de
407 1280 518 1331 vincalo
534 1282 645 1348 quidem
658 1280 791 1333 desiderii
804 1279 937 1331 concubi·

94 1384 97 1387 .
134 1353 190 1408 tus,
199 1347 421 1411 qnoarotissimo
430 1348 560 1410 tenebar,
574 1352 603 1399 et
611 1344 796 1399 saecularium
805 1347 936 1414 negotio·

135 1426 197 1464 rum
209 1412 344 1464 servitute
358 1413 590 1482 quemadmodum
603 1428 647 1466 ne
657 1414 794 1466 exemeris
803 1414 936 1476 narrabo,

108 1481 111 1486 '
135 1487 165 1530 et
176 1481 333 1532 confitebor
344 1483 524 1545 nominituo,
537 1481 670 1545 Domine,
689 1481 801 1534 adiutor
813 1495 892 1532 mous
907 1487 937 1533 et

134 1549 276 1599 redemtor
293 1563 381 1601 mens,
413 1548 537 1616 Agebant
556 1549 640 1600 solits
653 1555 796 1600 crescente
808 1549 935 1600 anxietu-

135 1615 213 1678 dine,
233 1622 263 1666 et
282 1617 408 1682 qnotidie
426 1615 600 1683 suspirabam
617 1615 678 1666 tibi.
712 1615 936 1681 Frequentabam

135 1683 284 1745 eeclesiam
290 1682 375 1746 tuam}
382 1684 637 1752 qnantumvacabat
646 1684 680 1735 sb
691 1682 732 1734 eis
743 1682 874 1749 negotiis,
882 1681 935 1734 snb

134 1764 253 1816 qaorum
273 1751 396 1816 pondere
417 1753 570 1831 gemebam
604 1750 715 1802 Mecum
736 1755 798 1800 crat
817 1748 934 1816 Alypius

136 1818 244 1867 otiosus
263 1818 299 1868 ab
318 1819 491 1885 operatoris
511 1819 646 1868 oritorum
664 1821 728 1884 post
742 1816 935 1868 adsessionem

134 1884 258 1946 tertiam,
269 1891 434 1950 exspectans
443 1833 542 1963 «μίξῃς
552 1885 653 1936 iterum
663 1883 782 1935 consilia
790 1882 934 1947 venderet,

134 1948 934 2030 sicutegovendebnmdroendilaenitatemsiquadocen-

135 2015 172 2066 do
185 2017 322 2082 praestari
336 2023 436 2083 potest.
470 2016 620 2071 Nebridius
633 2023 725 2068 autem
735 2016 873 2070 amrcitiae
883 2031 934 2068 no·

135 2091 210 2133 strae
230 2089 366 2145 cesserat,
385 2089 417 2134 nt
436 2084 559 2136 omnium
572 2090 703 2138 nostrum
714 2081 932 2136 familiarissimo

92 2158 95 2162 '
127 2148 293 2220 *verecundo
309 2149 516 2201 Mediolanensi
528 2151 582 2203 civi
595 2158 624 2202 et
636 2153 816 2220 granrmatieo
831 2149 932 2202 subdo·

135 2221 225 2278 ceret,
242 2213 421 2268 vehementer
437 2217 648 2280 desiderantist
659 2218 859 2270 fandliaritstis
871 2218 932 2270 iare

133 2281 933 2406 bdttbiterm‘btrtffltlbbtbdtdrdd:

124 2365 344 2470 vcomfnodorum
356 2389 391 2470 eo
401 2419 488 2470 traxit
500 2359 619 2480 (ffliors
631 2421 704 2474 etnim
715 2363 864 2488 possetffi
875 2417 933 2470 vel-

95 2518 99 2528 s
134 2482 176 2535 let
189 2484 223 2535 de
236 2485 326 2537 literis
339 2488 450 2554 agere),
465 2484 518 2536 sed
532 2486 623 2538 officio
636 2486 849 2539 benevolentiae
863 2485 934 2551 petl-

133 2551 239 2602 tionem
256 2558 379 2604 nostram
396 2558 573 2604 contemnere
585 2553 676 2605 noluit
688 2554 793 2606 amicas
806 2553 933 2605 dulcissi-

135 2630 193 2666 mus
207 2623 235 2668 et
246 2619 416 2672 mitissimus.
446 2618 560 2694 rigebat
570 2627 662 2674 tutem
672 2620 740 2674 illud
750 2619 934 2690 prudentissi·
