2050 2925
133 82 140 93 '
232 105 745 162 conressronoumeunx.
840 109 890 163 ru

93 205 889 344 iiiiiiiiiiffiiiiiiiinfiii}iiiiii:

93 340 170 392 remi
188 339 319 393 Lustravi
327 343 458 394 mundum
466 342 537 395 ioris
548 345 633 395 sensui
643 357 697 410 quo
708 344 795 410 potui,
806 350 835 393 et
843 344 890 395 ad·

93 408 174 459 teudi
191 408 275 459 vitam
294 411 420 477 corporis
439 411 495 462 mei
513 411 547 461 de
566 424 623 472 me,
642 422 795 476 sensusque
813 410 892 475 ipsos

87 488 182 525 meos.
220 474 288 526 lude
306 476 450 543 ingressus
468 476 576 528 eumin
593 490 722 527 recessus
741 477 892 534 memorias

91 554 187 603 meae,
205 542 373 609 multiplices
388 544 584 609 amplitudines
601 544 697 612 plenas
714 542 892 593 mirimodis

94 608 239 674 copiarum
263 610 519 673 innumerabilium,
533 614 575 661 ‘et
592 609 779 671 consideravi,
809 615 838 659 et
846 622 892 661 ex·
963 660 966 671 ,

92 676 171 741 pavi,
183 680 212 725 et
221 673 291 727 nibil
300 690 397 728 eorum
406 676 566 728 discernere
576 676 656 744 potui
665 676 726 727 sine
735 682 774 738 te,
785 682 814 726 at
823 674 894 729 nihii

85 756 193 792 eorum
211 756 275 794 esse
291 748 323 794 te
338 744 440 795 iuveni.
475 742 535 796 Neo
549 743 825 811 egoipseinventor,
845 744 893 809 qui
960 752 963 757 '

95 809 244 876 peragravi
254 813 359 872 omnia,
377 817 406 862 et
415 811 588 877 distinguere
598 816 628 861 et
635 824 686 877 pro
696 810 755 862 ruis
766 822 892 875 quaeque

96 875 280 941 dignitatibus
296 878 445 929 sommare
457 883 575 929 oonatm
587 891 661 939 sum,
681 878 822 955 excipiens
836 877 893 930 alia

94 941 286 995 nuntiantibus
304 945 445 1008 sensibus,
469 949 500 994 et
517 944 693 1008 interrogans
712 943 769 993 alra
784 956 893 993 meeum

95 1008 248 1088 commiuta
271 1012 408 1091 sentiens,
435 1011 568 1091 ipsosque
589 1009 702 1089 nuntios
725 1008 892 1088 dignoseens

94 1074 892 1221 iitdimidiati:izitiiiioiittiiiz

24 1249 30 1255 .
94 1222 157 1274 rpse
171 1222 234 1259 eum
250 1206 319 1260 haee
329 1223 453 1277 agerem,
472 1209 568 1271 idest,
581 1210 708 1272 vismea,
725 1208 817 1275 quaid
827 1221 891 1274 age-

94 1276 172 1338 bam3
190 1289 244 1327 nee
259 1277 321 1343 ipse
340 1290 402 1329 eras
411 1283 454 1338 tu,
474 1278 540 1343 quia
558 1277 607 1328 lux
625 1289 656 1327 es
673 1281 706 1327 tu
718 1288 892 1343 permanens,

96 1342 230 1409 quamde
248 1344 375 1396 omnibus
389 1344 581 1407 consulebam,
601 1349 753 1405 anement,
772 1342 891 1410 quides-

95 1415 171 1472 eent‚
190 1411 286 1478 quanti
295 1411 441 1478 pendenda
450 1416 554 1464 essent.
589 1410 626 1459 iu
634 1409 781 1461 audiebam
791 1410 892 1461 doeen-

94 1481 153 1527 tem
162 1489 195 1526 ac
208 1477 361 1538 iubentem
379 1484 410 1529 et
418 1492 503 1544 saepe
510 1477 588 1528 istud
597 1475 682 1528 facio.
716 1475 781 1527 Hoc
790 1489 834 1527 me
845 1476 891 1527 de·

95 1541 197 1603 lentat,
216 1550 246 1592 et
258 1543 294 1592 ab
302 1544 460 1594 sationibus
469 1542 661 1604 necessitatis,
681 1543 892 1608 quantumrela-

79 1607 299 1672 „xaripossum
317 1609 353 1660 ad
365 1608 630 1676 istamvoluptatern
638 1605 759 1675 refugio.
794 1605 892 1674 Neque

32 1683 36 1688 ’
95 1676 126 1725 in
136 1671 181 1724 his
192 1674 333 1736 omnibus,
344 1689 415 1742 quae
425 1689 558 1742 percurro
569 1673 719 1726 consulens
728 1679 770 1734 te,
780 1673 892 1724 invenio

93 1747 186 1793 tutum
195 1736 288 1792 locum
297 1741 405 1793 animae
414 1755 503 1804 meae,
512 1741 568 1794 nisi
576 1742 605 1792 in
614 1743 715 1808 teque
726 1739 894 1806 colligantur·
960 1779 962 1782 .
1000 1781 1001 1784 ,

94 1820 195 1925 eterna
211 1821 287 1871 mea,
305 1822 358 1860 neo
374 1815 432 1860 ate
442 1808 593 1877 quidquam
602 1807 716 1858 recedat
725 1819 761 1858 ex
769 1820 823 1858 me.
857 1806 894 1857 Et
939 1852 945 1861 ,
991 1867 995 1876 ‚

95 1890 113 1926 a
125 1874 247 1942 'quando
260 1875 424 1927 intromittis
438 1890 483 1928 me
495 1877 526 1926 in
535 1873 676 1925 adiectum
685 1873 893 1925 multominusi·

94 1948 184 1993 tatum
191 1941 331 1994 introrsus
340 1942 377 1993 ad
386 1944 482 1994 neseio
493 1955 574 2009 quam
586 1940 772 2003 dulcedinem,
788 1943 893 2008 quaesi

94 2008 257 2078 perficiatur
265 2009 294 2060 in
302 2024 357 2073 me,
367 2010 463 2061 neseio
474 2009 696 2077 quideritquod
705 2010 764 2059 vita
772 2008 893 2060 istanon
998 2009 999 2014 ’

95 2076 159 2126 erit.
195 2075 251 2128 seo
263 2077 360 2128 reuido
369 2077 399 2135 in
409 2076 479 2127 haee
488 2077 662 2128 aerumnosis
672 2075 854 2142 ponderibus,
865 2080 894 2126 et

93 2143 247 2194 resorbeor
255 2143 358 2206 solitis,
368 2150 397 2195 et
406 2151 516 2206 teneor,
527 2150 556 2195 et
563 2143 679 2194 multum
689 2140 756 2205 fleo,
764 2142 816 2194 sed
824 2142 893 2194 mul·

94 2215 154 2260 tum
171 2215 280 2262 teneor.
314 2211 435 2262 Tantum
453 2209 663 2262 consuetudinis
682 2211 793 2261 sarcina
806 2208 892 2274 digna

95 2282 140 2327 est
159 2273 210 2342 [ai.
224 2275 382 2343 degravatl.
416 2277 472 2329 Hie
485 2292 548 2329 esse
560 2276 655 2342 valeo,
672 2289 724 2327 nee
736 2275 814 2337 volo;
832 2275 893 2325 illie

94 2342 172 2404 volo,
184 2342 338 2405 reovalem
355 2344 442 2395 miser
449 2345 623 2412 utrobique..

147 2410 178 2460 G.
192 2408 267 2461 ΧΗ.
289 2409 425 2477 ‘ideoque
444 2410 621 2462 consideravi
634 2409 786 2476 languores
796 2418 893 2472 peeeu·
987 2459 990 2470 ¹

93 2481 189 2527 torum
206 2489 333 2527 meorum
350 2477 380 2526 in
399 2477 551 2543 eupiditate
568 2476 685 2541 triplioi;
705 2480 733 2523 et
750 2473 894 2524 dexteram

94 2549 173 2592 tuam
191 2543 320 2594 invocavi
332 2543 368 2594 ad
380 2543 499 2594 salutem
511 2557 610 2594 meam.
644 2540 711 2592 Vidi
721 2539 794 2589 enim
804 2538 893 2604 splen·
917 2543 919 2559 ¹
991 2547 993 2552 ’

96 2609 282 2673 doremtuum
291 2609 376 2662 eorde
385 2611 492 2674 meio,
502 2615 531 2660 et
540 2620 720 2686 repercussus
730 2604 799 2657 dixi=
826 2603 902 2665 Quin
