2050 2925
162 134 213 189 rsa
326 123 768 188 nuaumrnuuusrlur

160 241 239 305 parte
250 236 306 287 ste't
314 236 441 298 victoria,
453 238 558 288 nescio.
589 236 645 287 Hei
653 235 729 299 mibi,
738 234 869 297 Domine,
880 236 966 287 mise·
1008 230 1009 303 l

160 302 314 365 reremihi,
330 302 466 362 heimihi!
500 304 574 354 Ecce
584 304 699 354 vulnera
708 317 769 353 mea
777 317 834 353 non
845 303 964 353 abscon·
1008 312 1009 363 l

162 371 208 422 do.
241 370 370 422 Medicus
389 386 433 432 es,
453 385 538 436 aeger
552 384 623 433 sum3
642 370 859 431 misericors-cs,
878 370 967 419 miser

162 454 232 489 sum.
266 436 406 503 Numquid
419 452 475 487 non
487 437 606 487 tentatio
622 442 665 487 est
677 437 737 485 rita
751 434 871 491 bumana
881 450 967 501 super

160 505 280 557 terrami
299 504 367 564 Quis
381 504 452 567 velit¹
462 503 607 553 molestias
622 510 651 554 et
667 501 862 553 difficultatesi
881 503 965 569 Tole·

107 590 118 599 ·
161 573 219 623 rari
227 572 307 623 iubes
318 585 437 633 eas,non
447 570 542 620 amari.
561 567 659 631 Nemo,
671 569 746 635 quod
756 568 869 630 tolerat,
882 575 966 630 amat,

162 640 216 689 etsi
229 637 353 693 tolerare
367 642 449 688 amat.
485 635 616 695 Quamuis
632 637 704 686 enim
739 634 840 685 audeat
849 650 885 685 se
896 634 966 686 tole·

161 702 352 767 rare,marult
361 709 454 752 tameo
462 717 519 752 non
530 716 601 763 esse,
612 703 687 768 quod
697 650 808 752 toderet.
845 701 965 767 Prospe-

163 785 196 821 ra
209 771 237 819 in
254 770 378 821 adversis
388 768 534 831 desidero,
552 768 669 818 adversa
677 770 705 818 in
716 768 858 835 prosperis
868 770 963 819 timeo.

164 835 233 896 Quis
244 836 319 885 inter»
327 834 396 885 haec
405 834 513 885 medius
524 834 615 895 locus,
629 834 677 883 ubi
687 849 742 885 oon
752 835 789 883 sit
798 831 921 885 humana
929 836 964 884 vi·

163 909 198 953 ta·
210 901 345 952 tentatioi
362 900 421 955 Vae
439 900 672 968 prosperitatibus
686 901 809 962 baetuli,
829 902 921 951 semel
939 908 965 951 et

162 969 279 1031 iterum,
294 970 420 1019 atimore
431 968 620 1028 adversitatis,
632 972 660 1017 et
670 982 687 1015 a
696 968 875 1033 corruptione
886 968 963 1018 laeti-
1008 986 1009 1003 π

162 1036 232 1087 tiae!
266 1034 325 1087 Vae
336 1036 550 1087 adversitatibus
561 1034 680 1095 saeculi,
691 1034 777 1084 semel
788 1040 817 1084 et
825 1035 928 1085 iterum
938 1042 964 1084 et

145 1108 149 1114 “
161 1104 259 1165 tertio,
269 1118 287 1153 a
296 1102 435 1170 desiderio
446 1100 649 1168 prosperitatis,
660 1106 688 1150 et
698 1100 762 1165 quia
771 1101 833 1165 ipsa
842 1101 963 1152 adversi·

162 1177 207 1220 tas
221 1170 290 1220 dura
302 1175 357 1230 est,
372 1176 401 1219 et
409 1168 556 1235 naufragat
565 1166 725 1217 tolerantia!
760 1166 901 1232 Numquid
911 1182 961 1218 non
1008 1194 1009 1213 r

161 1237 280 1285 tentatio
294 1242 344 1335 2est
353 1237 410 1285 vita
421 1234 547 1285 'hunrana
565 1239 764 1300 superterram
777 1234 838 1285 sinc
851 1235 911 1285 ullo
924 1235 960 1284 iu·
1008 1272 1009 1275 ,

164 1302 303 1351 terstitio.
377 1319 381 1324 ·
522 1311 524 1316 ’
710 1333 715 1349 t

214 1368 243 1416 G.
258 1366 359 1417 xxix.
394 1367 431 1417 Et
446 1373 509 1419 tota
526 1382 589 1434 spes
603 1382 667 1420 mea
680 1382 736 1418 non
751 1368 808 1419 nisi
820 1368 849 1418 in
863 1382 961 1435 magna

162 1432 243 1484 valde
256 1434 448 1485 misericordia
461 1440 518 1488 tua.
553 1434 602 1486 Da
616 1435 701 1502 quod
715 1434 820 1498 iubes,
842 1442 875 1487 et
887 1436 960 1487 iube

163 1501 329 1567 quodvis.
363 1501 485 1568 imperas
504 1503 587 1554 nobis
606 1502 811 1554 continentiam.
848 1501 960 1554 Etcum
1008 1551 1009 1562 ,

141 1584 144 1594 ¹
162 1567 269 1630 scirem,
286 1569 331 1633 ait
344 1569 467 1636 quidam,
502 1570 548 1620 uio
560 1585 636 1620 nono
645 1577 736 1636 poteri
747 1585 801 1620 erre
814 1569 959 1631 continent,
1008 1575 1009 1608 ἰ

162 1634 217 1684 niti
224 1633 298 1685 Deus
309 1636 369 1696 det}
386 1635 491 1687 ctiori
508 1651 565 1686 rum
573 1643 633 1687 erat
641 1635 797 1702 rapiendae,
808 1635 878 1688 reiro
888 1636 958 1687 cuius

163 1708 232 1752 emet
258 1702 309 1752 boc
335 1702 440 1754 donula.
463 1706 475 1766 (
498 1719 540 1770 ap.
552 1704 579 1766 8,
589 1705 644 1766 21.)
680 1701 736 1752 Per
762 1704 958 1755 continentiam

159 1769 264 1835 'quippe
284 1769 454 1836 colligimur,
474 1777 503 1820 et
515 1771 668 1836 redigimur
681 1769 817 1832 inunum,
832 1785 850 1820 a
864 1786 918 1838 quo
932 1771 959 1820 in

161 1835 250 1885 multa
262 1834 434 1886 defluximus.
468 1837 560 1903 Minus
575 1838 647 1887 enim
661 1841 689 1885 te
704 1843 790 1899 amat,
809 1837 858 1903 qui
870 1843 958 1888 tecum
1008 1837 1009 1868 ³

163 1901 269 1968 aliquid
287 1906 373 1963 amat,
392 1902 467 1968 quod
480 1918 536 1954 non
550 1908 664 1969 propter
677 1908 705 1953 te
719 1909 801 1953 aurat.
837 1903 862 1953 0
874 1917 957 1966 arnor,
1008 1907 1009 1954 ἶ

162 1968 211 2032 qui
220 1981 329 2032 semper
339 1969 433 2030 ardes,
445 1975 473 2019 et
483 1973 630 2037 numquam
640 1970 836 2035 exstingueris,
848 1971 957 2029 caritas,
1008 1971 1009 1976 ’

162 2033 240 2084 Deus
251 2049 341 2096 meus,
355 2035 476 2086 accende
489 2049 542 2087 me.
578 2035 882 2088 Continentiamiubes.
917 2037 957 2088 Da
1008 2059 1009 2068 ,

164 2099 238 2166 quod
247 2101 336 2160 iubes,
347 2105 375 2149 et
383 2101 447 2151 iube
458 2103 593 2168 quodvis.
1008 2111 1009 2158 1

175 2231 182 2246 ·
211 2166 241 2216 G.
252 2164 340 2216 XXX.
350 2166 432 2218 Iubes
441 2174 526 2231 certe,
534 2176 565 2220 ut
574 2172 753 2222 contineama
763 2173 956 2238 concupiscere
1008 2167 1009 2230 l

160 2238 202 2282 tra
211 2232 313 2293 carnis,
329 2238 357 2301 et
367 2237 592 2300 concupiscentia
603 2238 758 2301 oculorum,
770 2245 798 2289 et
808 2240 955 2290 ambitione
1008 2249 1009 2304 l

160 2299 276 2350 saeculi.
294 2299 403 2350 lus'sisti
412 2303 595 2364 aconcubitu3
608 2311 636 2352 ot
646 2306 679 2353 de
689 2307 750 2369 ipso
761 2306 894 2376 coniugio
905 2319 956 2355 ure·

160 2365 216 2416 lius
224 2367 337 2434 aliquid,
348 2381 428 2432 quam
439 2369 615 2430 concessisti,
626 2371 767 2420 monuisti.
786 2370 823 2420 Et
830 2372 956 2435 quoniam
1008 2385 1009 2394 ¹

158 2429 276 2493 dedisti,
288 2432 391 2483 factum
402 2441 458 2493 est,
473 2439 574 2483 etanta
585 2451 666 2500 quam
677 2437 853 2500 dispensator
864 2437 956 2488 Sacra·

159 2499 245 2548 menti
255 2500 295 2548 tui
305 2500 408 2549 fierem.
431 2499 486 2550 Sed
500 2498 591 2550 adhuc
604 2503 699 2552 vivunt
711 2503 740 2553 in
753 2505 889 2554 memoria
898 2517 957 2554 mea

160 2563 207 2619 (de
222 2580 276 2630 qua
290 2565 376 2615 nrulta
389 2566 498 2615 locutus
509 2569 580 2627 sum)
596 2569 693 2618 talium
707 2580 798 2619 rerum
811 2570 956 2636 imagines,

160 2641 228 2695 quas
236 2631 275 2680 ibi
284 2629 456 2684 consuetudo
467 2645 529 2683 mea
538 2633 599 2684 lixit
603 2649 610 2698 3
622 2640 651 2686 ct
661 2634 882 2695 occursantmihi
892 2637 956 2704 rigi·
