2050 2925
169 138 205 190 ao
347 92 787 186 'suuuoiiaucusrrm

257 406 634 508 .·Lroua
685 407 743 502 ιι,

110 579 117 592 '
219 574 251 627 c.
264 573 286 625 1.
321 570 550 623 Recordari.rolo
559 577 715 622 transactas
725 568 878 638 foeditates
889 582 978 629 meas,

169 644 199 693 et
208 639 333 692 carnales
344 640 539 706 corruptiones
550 639 658 688 animae
667 652 760 700 meae3
775 650 831 687 aon
841 636 922 703 quod
932 650 978 685 esa

89 740 92 749 ‹
169 707 474 770 amem,¹seduta1ncm
489 711 532 767 tc,
542 704 619 755 Deus
632 719 720 755 meus.
754 705 856 753 Amore
871 702 978 753 amoris

169 775 210 825 tui
226 773 303 824 iccio
318 772 408 836 istud,
427 772 557 824 recolens
575 772 635 821 vias
653 785 730 823 meas
746 770 936 837 nequissimas
951 770 978 818 in

170 840 354 891 amaritudine
377 839 593 906 recogitationis
611 842 704 900 meae,
729 845 762 889 at
780 843 811 887 tu
827 836 977 887 dulcescaa

169 906 251 968 mihi,
267 906 386 958 dulcedo
396 920 453 971 non
462 905 563 967 fallax,
573 904 693 956 dulcedo
704 903 775 959 felix
784 910 941 966 resecuta,
952 908 979 951 et

171 974 308 1041 colligens
321 988 365 1025 me
380 988 397 1025 a
411 974 600 1040 dispersione,
615 972 645 1021 in
659 986 715 1037 que
728 970 870 1021 frustatim
879 969 977 1021 (lisele

170 1056 218 1093 sus
236 1056 309 1103 sum,
329 1041 394 1092 dum
412 1040 447 1090 ab
465 1054 521 1092 uno
540 1044 569 1089 te
589 1052 704 1089 aversus
722 1039 752 1089 in
764 1037 854 1087 multu
866 1036 976 1087 evanui.

169 1108 269 1160 Exarsi
278 1108 351 1159 enim
359 1107 508 1181 aliquapdo
520 1106 617 1156 sederi
626 1103 725 1156 inieris
735 1105 764 1155 in
774 1102 977 1163 adolescentia,

170 1182 198 1227 et
207 1175 358 1225 silvescere
368 1188 452 1233 susus
464 1188 525 1224 aum
534 1173 621 1222 variis
632 1178 661 1222 et
670 1171 810 1223 umbrosis
822 1170 976 1231 amoribus3

170 1248 200 1291 et
212 1240 356 1290 contabuit
366 1240 475 1306 speeies
485 1252 561 1300 mea,
575 1244 604 1287 et
614 1238 771 1305 computrui
779 1251 875 1289 coram
888 1238 977 1289 oculis

168 1306 235 1368 tuis,
242 1306 356 1372 placeas
363 1303 440 1367 mihi,
447 1304 716 1419 etplacerecupians
724 1304 814 1355 oculis
825 1303 977 1356 hominum.

220 1372 250 1423 G.
268 1370 302 1422 ll.
337 1371 374 1421 Et
393 1371 460 1437 quid
479 1376 553 1432 erat,
577 1384 632 1435 quo
665 1384 710 1420 nne
725 1370 900 1434 delectabat,
923 1373 977 1422 nisi

170 1452 263 1492 amare
279 1444 308 1490 et
321 1438 424 1489 amarit
442 1436 498 1490 Sed
507 1451 564 1487 non
573 1436 721 1488 tenebatur
729 1437 828 1504 modua
838 1438 873 1490 ab
884 1440 976 1491 animo

169 1521 258 1574 usque
286 1505 322 1557 ad
341 1507 474 1569 animum,
524 1511 641 1556 catenus
661 1511 706 1561 est
723 1505 878 1557 luminosus
896 1507 976 1558 limes

170 1573 323 1638 amicitiae;
342 1573 393 1629 sed
408 1519 611 1625 iniungantur
622 1571 741 1623 nebulae
755 1573 793 1624 de
802 1572 904 1624 limosa
912 1590 977 1625 con-

170 1641 346 1709 cupiscentia.
357 1642 449 1693 carnis
463 1646 492 1691 et
501 1639 634 1701 *scatebra
642 1639 811 1707 pubertatis,
822 1646 851 1690 et
862 1641 975 1692 obnubi-

169 1709 265 1764 labant
277 1715 360 1778 atque
377 1707 562 1760 obfuscabant
574 1721 624 1758 cor
637 1721 743 1770 meum,
756 1713 789 1758 ut
802 1721 857 1757 non
871 1707 975 1759 discer-

170 1787 283 1828 neretur
313 1777 450 1830 serenitas
473 1775 635 1825 dilectionis
657 1789 675 1824 a
696 1775 817 1840 caligine
838 1773 973 1825 libidinis.

169 1845 321 1910 Utrumque
335 1841 492 1894 inconfuso
502 1842 663 1902 aestuabat,
678 1841 843 1906 etrapiebut
850 1841 974 1893 imbecil-

170 1908 734 1976 lamaetatemperabruptacupiditatum,
743 1914 826 1973 atque
835 1909 976 1959 mersabat

171 1977 282 2042 gurgite
294 1975 471 2041 flagitiorum.
507 1973 664 2025 invaluerat
672 1989 756 2042 super
765 1989 809 2025 me
820 1975 863 2027 ira
871 1981 931 2037 tua,
945 1981 975 2024 et

171 2041 338 2093 nesciebam.
375 2039 583 2091 Obsurdueram
602 2041 723 2092 stridore
743 2049 858 2093 catenae
872 2048 972 2091 morta-

105 2155 115 2172 „
170 2109 259 2160 litatis
268 2121 346 2159 ureae
352 2143 360 2170 ‚
373 2121 465 2174 poena
475 2108 624 2173 superbiae
633 2109 742 2160 animae
751 2122 843 2172 meae;
863 2116 892 2158 et
899 2108 973 2157 ibam

170 2175 282 2240 longius
298 2180 370 2237 ate,
385 2180 413 2224 ct
426 2173 550 2238 sinebam
569 2181 601 2225 et
611 2176 748 2238 iactabar,
762 2183 792 2226 et
802 2173 973 2237 effundebar,

172 2248 201 2292 et
210 2239 381 2303 diffluebam,
400 2247 430 2293 et
440 2240 607 2292 ebulliebam
616 2256 667 2309 per
676 2240 878 2300 fornicationes
885 2255 972 2304 meas,

171 2315 200 2360 et
209 2307 330 2360 tacebas.
351 2307 373 2358 0
385 2308 495 2358 turdum
505 2309 636 2374 gaudium
645 2307 749 2360 meuml
761 2309 887 2360 'l'aeebas
896 2315 970 2369 nine,

172 2383 200 2428 et
213 2390 267 2456 ego
277 2375 351 2426 ibam
361 2389 445 2443 porro
455 2376 540 2441 longe
550 2390 567 2425 a
575 2382 604 2426 te
613 2377 642 2425 in
651 2375 732 2442 plura
740 2371 770 2427 e't
778 2377 859 2444 plura
867 2376 973 2428 sterilia

103 2497 106 2506 ,
171 2458 279 2495 semina
293 2443 434 2506 dolorum,
449 2442 571 2508 superbo
579 2442 737 2494 deiectione
747 2449 777 2494 et
785 2443 911 2509 inquieta
918 2443 970 2516 las

171 2511 301 2564 titudine.
338 2510 407 2573 Quis
421 2507 490 2561 nihl
502 2509 695 2570 moderaretur
709 2524 867 2560 aerumnam
875 2524 973 2574 means,

173 2585 203 2632 et
221 2578 434 2632 novissimarum
457 2589 551 2634 rerum
573 2574 690 2642 fugaces
702 2575 921 2642 pulchritudines
942 2581 973 2629 in

172 2661 251 2700 uaum
262 2652 400 2722 vorterct,
416 2657 567 2710 earumque
581 2643 765 2694 securitatibus
778 2650 867 2695 metas
877 2648 962 2710 praeli
