2050 2925
212 59 777 147 corrrssroruumsmvr„
848 82 881 136 se
910 76 912 83 ⁴

82 185 186 254 prioris
199 186 373 265 praecisione
382 184 485 237 iactum
493 182 598 245 fuerat,
612 184 662 235 sed
671 192 735 251 post
744 184 883 265 fervorem
910 221 913 225 -

82 252 648 385 333333333fflwm,
667 258 695 303 ‘t
711 266 789 318 ‘¹⁰³³
803 252 884 365 rm
921 352 928 363 .

134 387 164 437 C.
178 385 251 437 xvi.
279 386 343 436 Tibi
353 386 422 447 laus,
432 386 485 435 tibi
495 386 594 452 gioria,
604 384 668 436 fons
679 384 891 443 misericordia-i
973 383 976 389 “

81 468 153 508 ium.
178 453 240 519 Ege
251 452 352 504 fiebam
360 453 499 514 miserior,
510 458 578 503 ettu
590 452 779 569 propinguior.
812 452 881 503 Ade-
904 465 907 470 ·

81 528 127 574 rat
139 520 319 592 iamiamque
332 519 448 570 dextera
457 526 506 569 tua
514 525 628 585 raptura
637 533 680 569 me
711 532 839 581 ecoenu,
854 526 882 569 et
923 564 925 568 .

81 588 213 637 ablutura
220 602 275 649 me,
286 592 315 637 et
323 585 495 653 ignorabam.
513 578 573 636 Nee
581 600 625 636 me
633 585 784 649 revocabat
794 600 810 635 a
819 599 881 651 pro·

82 654 213 705 fundiure
233 652 404 720 voluptatum
421 653 573 703 carnalium
593 654 706 721 gurgite
723 652 778 705 nisi
791 658 881 703 metus

81 721 182 772 nrords
201 727 231 770 et
248 719 336 771 tutari
354 720 451 770 iuditii
469 721 523 782 tui,
543 720 588 787 qui
603 721 755 785 pervarias
769 718 881 788 quidem

82 781 244 853 opiniones,
252 802 399 854 numquam
407 793 499 837 tamen
509 788 628 837 recessit
638 786 672 838 de
682 794 795 855 pectore
807 802 879 841 meo.
895 806 900 811 ·

82 856 119 906 Et
132 854 306 920 disputabam
320 869 383 905 eum
399 855 495 904 amieis
508 854 579 905 mais
592 855 691 921 Alypio
706 861 734 905 et
742 854 878 907 Nebridio

83 922 233 973 de'tiuibus
241 920 377 971 bonerum
390 920 580 981 etmaierum,
593 921 742 986 Epicurum
752 930 878 989 aceeptu-

82 1004 145 1039 rum
156 986 245 1039 fuisse
257 988 414 1053 palmamm
423 988 602 1049 aniuremeo,
617 988 672 1038 nisi
682 1002 734 1054 ego
746 990 878 1041 credidis·
916 1002 918 1007 ·
994 1052 1000 1065 ,

83 1070 143 1107 sem
157 1061 222 1121 pust
238 1060 357 1110 mertem
374 1060 482 1105 restare
499 1053 606 1106 animae
623 1054 708 1105 vitam
726 1061 754 1107 et
774 1063 879 1108 tractus

83 1122 255 1185 nter-uorum,
265 1122 342 1187 qued
350 1120 486 1187 Epicurus
496 1120 610 1173 eredere
620 1120 718 1173 noluit.
752 1122 879 1192 thuae·

83 1190 190 1251 rebam,
202 1192 227 1240 si
236 1204 361 1239 essemus
370 1188 553 1258 immortates,
565 1195 592 1239 et
601 1190 630 1240 in
639 1196 773 1257 perpetua
783 1206 880 1259 eorpo-

83 1258 124 1307 ris
138 1256 281 1322 veluptate
291 1256 351 1307 sine
361 1254 420 1306 ulle
431 1256 589 1307 amissionis
599 1263 708 1309 terrore
717 1260 881 1321 viveremus,

84 1339 135 1375 eur
147 1329 204 1374 nou
218 1338 342 1374 essemus
350 1322 440 1385 beati,
455 1330 503 1374 aut
513 1323 580 1390 quid
589 1324 665 1375 aliud
676 1340 881 1391 quaereremus,

83 1390 214 1441 nesciens
230 1391 262 1442 id
279 1391 369 1457 ipsum
387 1390 422 1441 ad
435 1405 564 1457 maguam
576 1392 717 1443 miseriam
730 1394 881 1459 pertinere,

85 1457 162 1524 qued
178 1458 221 1508 ita
240 1456 382 1510 demersus
400 1462 431 1523 et
444 1471 547 1510 caecus
561 1458 686 1524 cogitare
701 1475 757 1510 non
769 1475 882 1526 possem

84 1527 179 1578 lumen
197 1523 352 1577 honestatis
365 1531 394 1574 et
407 1526 495 1592 gratis
510 1525 718 1592 amplectendae
732 1525 882 1592 pulchritu-

85 1593 173 1654 dinis,
184 1607 265 1658 quam
274 1590 518 1644 nonvidetoeuius
530 1591 630 1654 earnis,
641 1597 670 1642 et
679 1591 788 1643 videtur
799 1602 834 1644 ex
842 1589 882 1642 iu‘·
948 1608 951 1612 ·

33 1710 40 1716 ,
84 1660 164 1710 timo.⁴
199 1657 258 1710 Nee
276 1658 489 1711 considerabam
499 1649 599 1721 miser,
617 1673 652 1711 ex
666 1656 883 1725 qnarenamibi
901 1687 927 1707 κ.
980 1681 986 1690 -

84 1731 224 1788 manaret,
244 1726 382 1794 quodista
399 1726 473 1791 ipsa,
492 1723 578 1776 foeda
589 1731 695 1788 tamen,
713 1741 772 1777 eum
787 1726 882 1776 amicis

86 1793 207 1844 dulciter
223 1791 415 1855 conferebam,
431 1805 483 1842 nee
496 1806 559 1842 esse
574 1791 633 1844 sine
649 1792 746 1844 amicis
757 1800 883 1861 poteram

84 1860 200 1921 beatus,
223 1860 308 1910 etiam
324 1858 475 1910 secundum
487 1873 612 1920 sensum,
631 1875 712 1926 quem
721 1867 787 1910 tunc
799 1857 882 1912 habe·
969 1917 972 1926 ,

84 1927 149 1976 bam
158 1926 188 1976 iu
198 1926 371 1991 quantalibet
380 1925 532 1978 adfluentia
542 1925 693 1978 ramalium
702 1927 881 1995 voluptatum.

84 1993 165 2053 Ques
175 1993 271 2060 utique
281 1993 386 2044 amieos
397 1994 484 2061 gratis
495 1993 838 2062 diligebam,rieissimque
849 1995 883 2045 ab
974 2024 978 2029 -

85 2059 532 2127 eismediligigratissentiebam.
551 2060 894 2128 Otortuosasviasivae
930 2067 933 2072 '

84 2127 216 2178 animae
231 2127 361 2189 audaci,
381 2142 462 2194 quae
476 2130 640 2194 speravit,
655 2130 685 2181 si
698 2145 714 2180 a
727 2135 759 2182 te
772 2142 883 2180 reces-

83 2194 205 2256 sisset,
224 2206 258 2244 se
276 2193 407 2261 aliquid
422 2195 540 2246 melius
559 2194 752 2261 habituram.
779 2194 883 2246 Versa

83 2267 119 2311 et
133 2273 271 2312 reversa
283 2261 316 2310 in
328 2267 469 2328 tergum,
480 2268 511 2312 et
528 2263 562 2312 iu
578 2263 699 2326 latera,
719 2269 752 2314 et
765 2263 798 2314 in
811 2257 881 2311 ben-

83 2334 180 2390 trem,
191 2333 223 2380 et
233 2327 311 2378 dura
321 2329 519 2378 suutomnia.
537 2328 578 2380 Et
590 2335 624 2382 tu
636 2331 726 2382 solus
740 2329 880 2392 requies.

82 2394 120 2446 Et
129 2397 198 2445 dece
208 2395 288 2456 adem
306 2402 336 2444 et
344 2394 687 2448 iiberasamiserabilibus
697 2393 838 2446 erroribus
853 2399 887 2442 et*
906 2435 910 2444 ,
988 2419 994 2463 3

83 2463 236 2518 consumis
245 2475 297 2511 nos
307 2460 338 2511 in
346 2461 405 2511 vita
413 2468 471 2523 tua,
476 2469 506 2512 et
515 2463 680 2524 consularis,
691 2469 719 2512 et
729 2459 810 2511 dieis:
822 2473 882 2510 eur·

81 2531 149 2593 rite,
157 2543 214 2598 ego
224 2526 323 2591 ieram,
333 2533 362 2578 et
372 2541 425 2593 ege
435 2527 594 2593 perducam,
606 2535 634 2580 et
642 2530 681 2578 ibi
692 2541 744 2593 ego
755 2523 860 2592 feram]-
874 2564 877 2574 .

392 2634 574 2654 w
595 2637 598 2645 ⁷

603 2659 676 2710 *Ge
744 2709 747 2711 ,
