<?xml version="1.0" encoding="UTF-8"?>
<!DOCTYPE html PUBLIC "-//W3C//DTD XHTML 1.0 Transitional//EN"
    "http://www.w3.org/TR/xhtml1/DTD/xhtml1-transitional.dtd">
<html xmlns="http://www.w3.org/1999/xhtml" xml:lang="en" lang="en">
 <head>
  <title>
</title>
<meta http-equiv="Content-Type" content="text/html;charset=utf-8" />
  <meta name='ocr-system' content='tesseract 3.04.00' />
  <meta name='ocr-capabilities' content='ocr_page ocr_carea ocr_par ocr_line ocrx_word'/>
</head>
<body>
  <div class='ocr_page' id='page_1' title='image "./saureliiaugusti00brudgoog_0069.png"; bbox 0 0 2050 2925; ppageno 0'>
   <div class='ocr_carea' id='block_1_1' title="bbox 70 138 928 309">
    <p class='ocr_par' dir='ltr' id='par_1_1' title="bbox 70 138 928 309">
     <span class='ocr_line' id='line_1_1' title="bbox 207 138 876 216; baseline 0.009 -25"><span class='ocrx_word' id='word_1_1' title='bbox 207 138 534 216; x_wconf 66' lang='lat' dir='ltr'>conrssssloituar</span> <span class='ocrx_word' id='word_1_2' title='bbox 551 140 677 195; x_wconf 76' lang='lat' dir='ltr'>LIBER</span> <span class='ocrx_word' id='word_1_3' title='bbox 692 141 747 195; x_wconf 86' lang='lat' dir='ltr'>lli.</span> <span class='ocrx_word' id='word_1_4' title='bbox 841 142 876 197; x_wconf 61' lang='grc' dir='ltr'>ΞΩ</span> 
     </span>
     <span class='ocr_line' id='line_1_2' title="bbox 70 240 928 309; baseline 0.002 -16"><span class='ocrx_word' id='word_1_5' title='bbox 70 248 118 293; x_wconf 87' lang='lat' dir='ltr'>ter</span> <span class='ocrx_word' id='word_1_6' title='bbox 137 247 222 307; x_wconf 82' lang='lat' dir='ltr'>atque</span> <span class='ocrx_word' id='word_1_7' title='bbox 237 240 331 305; x_wconf 83' lang='lat' dir='ltr'>aliter3</span> <span class='ocrx_word' id='word_1_8' title='bbox 350 246 379 293; x_wconf 81' lang='lat' dir='ltr'>et</span> <span class='ocrx_word' id='word_1_9' title='bbox 391 241 420 292; x_wconf 94' lang='lat' dir='ltr'>in</span> <span class='ocrx_word' id='word_1_10' title='bbox 434 254 489 295; x_wconf 87' lang='lat' dir='ltr'>uno</span> <span class='ocrx_word' id='word_1_11' title='bbox 504 242 599 309; x_wconf 83' lang='lat' dir='ltr'>aliquo</span> <span class='ocrx_word' id='word_1_12' title='bbox 613 257 709 306; x_wconf 78' lang='lat' dir='ltr'>versu,</span> <span class='ocrx_word' id='word_1_13' title='bbox 724 258 779 295; x_wconf 84' lang='lat' dir='ltr'>non</span> <span class='ocrx_word' id='word_1_14' title='bbox 789 247 877 296; x_wconf 85' lang='lat' dir='ltr'>omni·</span> <span class='ocrx_word' id='word_1_15' title='bbox 922 272 928 279; x_wconf 94' lang='lat'>-</span> 
     </span>
    </p>
   </div>
   <div class='ocr_carea' id='block_1_2' title="bbox 70 307 959 377">
    <p class='ocr_par' dir='ltr' id='par_1_2' title="bbox 70 307 959 377">
     <span class='ocr_line' id='line_1_3' title="bbox 70 307 959 377; baseline 0.004 -18"><span class='ocrx_word' id='word_1_16' title='bbox 70 308 126 359; x_wconf 89' lang='lat' dir='ltr'>bus</span> <span class='ocrx_word' id='word_1_17' title='bbox 138 308 211 359; x_wconf 85' lang='lat' dir='ltr'>lueis</span> <span class='ocrx_word' id='word_1_18' title='bbox 223 308 348 362; x_wconf 87' lang='lat' dir='ltr'>eumdem</span> <span class='ocrx_word' id='word_1_19' title='bbox 360 307 474 375; x_wconf 71' lang='lat' dir='ltr'>pedemi</span> <span class='ocrx_word' id='word_1_20' title='bbox 484 308 522 360; x_wconf 85' lang='lat' dir='ltr'>Et</span> <span class='ocrx_word' id='word_1_21' title='bbox 530 324 576 360; x_wconf 84' lang='lat' dir='ltr'>ars</span> <span class='ocrx_word' id='word_1_22' title='bbox 586 310 656 377; x_wconf 88' lang='lat' dir='ltr'>ipsa,</span> <span class='ocrx_word' id='word_1_23' title='bbox 668 324 723 375; x_wconf 83' lang='lat' dir='ltr'>qua</span> <span class='ocrx_word' id='word_1_24' title='bbox 732 309 875 373; x_wconf 84' lang='lat' dir='ltr'>canebam,</span> <span class='ocrx_word' id='word_1_25' title='bbox 953 362 959 374; x_wconf 72' lang='grc'><strong><em>,</em></strong></span> 
     </span>
    </p>
   </div>
   <div class='ocr_carea' id='block_1_3' title="bbox 9 373 978 2720">
    <p class='ocr_par' dir='ltr' id='par_1_3' title="bbox 9 373 978 2720">
     <span class='ocr_line' id='line_1_4' title="bbox 71 373 878 438; baseline 0.006 -13"><span class='ocrx_word' id='word_1_26' title='bbox 71 389 130 426; x_wconf 87' lang='lat' dir='ltr'>non</span> <span class='ocrx_word' id='word_1_27' title='bbox 145 373 269 425; x_wconf 80' lang='lat' dir='ltr'>habebat</span> <span class='ocrx_word' id='word_1_28' title='bbox 284 375 361 425; x_wconf 85' lang='lat' dir='ltr'>aliud</span> <span class='ocrx_word' id='word_1_29' title='bbox 376 376 456 438; x_wconf 85' lang='lat' dir='ltr'>alibi,</span> <span class='ocrx_word' id='word_1_30' title='bbox 475 376 527 427; x_wconf 85' lang='lat' dir='ltr'>sed</span> <span class='ocrx_word' id='word_1_31' title='bbox 540 379 633 428; x_wconf 83' lang='lat' dir='ltr'>omnia</span> <span class='ocrx_word' id='word_1_32' title='bbox 646 376 738 428; x_wconf 84' lang='lat' dir='ltr'>simul.</span> <span class='ocrx_word' id='word_1_33' title='bbox 772 378 809 429; x_wconf 83' lang='lat' dir='ltr'>Et</span> <span class='ocrx_word' id='word_1_34' title='bbox 821 392 878 429; x_wconf 86' lang='lat' dir='ltr'>nun</span> 
     </span>
     <span class='ocr_line' id='line_1_5' title="bbox 69 442 878 504; baseline 0.002 -13"><span class='ocrx_word' id='word_1_35' title='bbox 69 442 206 493; x_wconf 84' lang='lat' dir='ltr'>intuebar</span> <span class='ocrx_word' id='word_1_36' title='bbox 214 442 360 504; x_wconf 80' lang='lat' dir='ltr'>iustitiam,</span> <span class='ocrx_word' id='word_1_37' title='bbox 371 443 415 493; x_wconf 88' lang='lat' dir='ltr'>eui</span> <span class='ocrx_word' id='word_1_38' title='bbox 427 443 564 494; x_wconf 80' lang='lat' dir='ltr'>servirent</span> <span class='ocrx_word' id='word_1_39' title='bbox 572 443 681 498; x_wconf 68' lang='lat' dir='ltr'>boniet</span> <span class='ocrx_word' id='word_1_40' title='bbox 692 444 781 495; x_wconf 84' lang='lat' dir='ltr'>saneti</span> <span class='ocrx_word' id='word_1_41' title='bbox 791 442 878 495; x_wconf 85' lang='lat' dir='ltr'>bumi-</span> 
     </span>
     <span class='ocr_line' id='line_1_6' title="bbox 69 505 879 581; baseline 0.002 -22"><span class='ocrx_word' id='word_1_42' title='bbox 69 524 131 571; x_wconf 88' lang='lat' dir='ltr'>nes,</span> <span class='ocrx_word' id='word_1_43' title='bbox 141 510 229 576; x_wconf 82' lang='lat' dir='ltr'>longe</span> <span class='ocrx_word' id='word_1_44' title='bbox 238 508 420 560; x_wconf 79' lang='lat' dir='ltr'>excellentius</span> <span class='ocrx_word' id='word_1_45' title='bbox 429 505 668 581; x_wconf 58' lang='lat' dir='ltr'>atqueflbbnsius</span> <span class='ocrx_word' id='word_1_46' title='bbox 679 508 783 561; x_wconf 85' lang='lat' dir='ltr'>habete</span> <span class='ocrx_word' id='word_1_47' title='bbox 795 510 879 561; x_wconf 85' lang='lat' dir='ltr'>simul</span> 
     </span>
     <span class='ocr_line' id='line_1_7' title="bbox 70 576 878 644; baseline 0.001 -18"><span class='ocrx_word' id='word_1_48' title='bbox 70 577 181 638; x_wconf 85' lang='lat' dir='ltr'>omnia,</span> <span class='ocrx_word' id='word_1_49' title='bbox 198 590 269 641; x_wconf 85' lang='lat' dir='ltr'>quae</span> <span class='ocrx_word' id='word_1_50' title='bbox 279 577 421 642; x_wconf 82' lang='lat' dir='ltr'>praecepit</span> <span class='ocrx_word' id='word_1_51' title='bbox 429 576 520 639; x_wconf 84' lang='lat' dir='ltr'>Deus,</span> <span class='ocrx_word' id='word_1_52' title='bbox 530 583 560 631; x_wconf 81' lang='lat' dir='ltr'>et</span> <span class='ocrx_word' id='word_1_53' title='bbox 570 578 646 629; x_wconf 87' lang='lat' dir='ltr'>uuila</span> <span class='ocrx_word' id='word_1_54' title='bbox 656 590 691 629; x_wconf 80' lang='lat' dir='ltr'>ex</span> <span class='ocrx_word' id='word_1_55' title='bbox 701 578 878 644; x_wconf 78' lang='lat' dir='ltr'>parietaria-</span> 
     </span>
     <span class='ocr_line' id='line_1_8' title="bbox 68 642 878 710; baseline 0.002 -17"><span class='ocrx_word' id='word_1_56' title='bbox 68 644 108 707; x_wconf 85' lang='lat' dir='ltr'>ri;</span> <span class='ocrx_word' id='word_1_57' title='bbox 129 648 263 694; x_wconf 78' lang='lat' dir='ltr'><strong>ettamen</strong></span> <span class='ocrx_word' id='word_1_58' title='bbox 273 642 358 694; x_wconf 82' lang='lat' dir='ltr'>variis</span> <span class='ocrx_word' id='word_1_59' title='bbox 368 643 540 710; x_wconf 71' lang='lat' dir='ltr'>temporibus</span> <span class='ocrx_word' id='word_1_60' title='bbox 550 646 708 696; x_wconf 84' lang='lat' dir='ltr'>nunumnia</span> <span class='ocrx_word' id='word_1_61' title='bbox 718 643 814 707; x_wconf 86' lang='lat' dir='ltr'>simul,</span> <span class='ocrx_word' id='word_1_62' title='bbox 827 644 878 695; x_wconf 86' lang='lat' dir='ltr'>sed</span> 
     </span>
     <span class='ocr_line' id='line_1_9' title="bbox 68 708 878 827; baseline 0.001 -67"><span class='ocrx_word' id='word_1_63' title='bbox 68 709 188 827; x_wconf 60' lang='lat' dir='ltr'>trupria</span> <span class='ocrx_word' id='word_1_64' title='bbox 201 708 413 761; x_wconf 74' lang='lat' dir='ltr'>distribuentem</span> <span class='ocrx_word' id='word_1_65' title='bbox 427 724 460 761; x_wconf 82' lang='lat' dir='ltr'>ac</span> <span class='ocrx_word' id='word_1_66' title='bbox 473 712 698 777; x_wconf 65' lang='lat' dir='ltr'>praecipientem.</span> <span class='ocrx_word' id='word_1_67' title='bbox 733 711 771 761; x_wconf 83' lang='lat' dir='ltr'>Et</span> <span class='ocrx_word' id='word_1_68' title='bbox 783 724 878 777; x_wconf 84' lang='lat' dir='ltr'>repre·</span> 
     </span>
     <span class='ocr_line' id='line_1_10' title="bbox 90 776 877 843; baseline 0.004 -16"><span class='ocrx_word' id='word_1_69' title='bbox 90 776 229 828; x_wconf 81' lang='lat' dir='ltr'>endebam</span> <span class='ocrx_word' id='word_1_70' title='bbox 243 792 345 827; x_wconf 84' lang='lat' dir='ltr'>coecus</span> <span class='ocrx_word' id='word_1_71' title='bbox 355 778 417 843; x_wconf 89' lang='lat' dir='ltr'>pius</span> <span class='ocrx_word' id='word_1_72' title='bbox 426 784 535 843; x_wconf 83' lang='lat' dir='ltr'>patres,</span> <span class='ocrx_word' id='word_1_73' title='bbox 550 792 604 831; x_wconf 84' lang='lat' dir='ltr'>nun</span> <span class='ocrx_word' id='word_1_74' title='bbox 615 779 706 830; x_wconf 88' lang='lat' dir='ltr'>sulum</span> <span class='ocrx_word' id='word_1_75' title='bbox 716 780 789 829; x_wconf 86' lang='lat' dir='ltr'>sicut</span> <span class='ocrx_word' id='word_1_76' title='bbox 798 777 877 830; x_wconf 83' lang='lat' dir='ltr'>Deus</span> 
     </span>
     <span class='ocr_line' id='line_1_11' title="bbox 68 844 877 911; baseline 0.004 -17"><span class='ocrx_word' id='word_1_77' title='bbox 68 844 183 895; x_wconf 84' lang='lat' dir='ltr'>iuberet</span> <span class='ocrx_word' id='word_1_78' title='bbox 193 848 276 909; x_wconf 84' lang='lat' dir='ltr'>atque</span> <span class='ocrx_word' id='word_1_79' title='bbox 287 844 437 910; x_wconf 78' lang='lat' dir='ltr'>inspiraret</span> <span class='ocrx_word' id='word_1_80' title='bbox 446 850 557 895; x_wconf 89' lang='lat' dir='ltr'>utentes</span> <span class='ocrx_word' id='word_1_81' title='bbox 567 846 770 911; x_wconf 81' lang='lat' dir='ltr'>praesentibus,</span> <span class='ocrx_word' id='word_1_82' title='bbox 780 858 877 897; x_wconf 77' lang='lat' dir='ltr'>vemat</span> 
     </span>
     <span class='ocr_line' id='line_1_12' title="bbox 69 910 874 978; baseline 0.002 -17"><span class='ocrx_word' id='word_1_83' title='bbox 69 925 184 978; x_wconf 86' lang='lat' dir='ltr'>quoque</span> <span class='ocrx_word' id='word_1_84' title='bbox 200 910 273 962; x_wconf 85' lang='lat' dir='ltr'>sicut</span> <span class='ocrx_word' id='word_1_85' title='bbox 286 910 363 961; x_wconf 87' lang='lat' dir='ltr'>Deus</span> <span class='ocrx_word' id='word_1_86' title='bbox 378 910 518 961; x_wconf 78' lang='lat' dir='ltr'>revelaret</span> <span class='ocrx_word' id='word_1_87' title='bbox 530 910 625 962; x_wconf 79' lang='lat' dir='ltr'>futura</span> <span class='ocrx_word' id='word_1_88' title='bbox 637 914 874 978; x_wconf 71' lang='lat' dir='ltr'>praenuntiantes.</span> 
     </span>
     <span class='ocr_line' id='line_1_13' title="bbox 121 976 875 1044; baseline 0.004 -17"><span class='ocrx_word' id='word_1_89' title='bbox 121 978 151 1027; x_wconf 87' lang='lat' dir='ltr'>c.</span> <span class='ocrx_word' id='word_1_90' title='bbox 169 976 243 1028; x_wconf 78' lang='lat' dir='ltr'>viu.</span> <span class='ocrx_word' id='word_1_91' title='bbox 262 976 401 1044; x_wconf 87' lang='lat' dir='ltr'>Numquid</span> <span class='ocrx_word' id='word_1_92' title='bbox 412 976 562 1044; x_wconf 83' lang='lat' dir='ltr'>aliquando</span> <span class='ocrx_word' id='word_1_93' title='bbox 572 985 621 1028; x_wconf 86' lang='lat' dir='ltr'>aut</span> <span class='ocrx_word' id='word_1_94' title='bbox 630 977 733 1029; x_wconf 87' lang='lat' dir='ltr'>alieubi</span> <span class='ocrx_word' id='word_1_95' title='bbox 743 978 875 1030; x_wconf 87' lang='lat' dir='ltr'>iniustum</span> 
     </span>
     <span class='ocr_line' id='line_1_14' title="bbox 71 1043 876 1111; baseline 0.002 -17"><span class='ocrx_word' id='word_1_96' title='bbox 71 1049 113 1094; x_wconf 86' lang='lat' dir='ltr'>est</span> <span class='ocrx_word' id='word_1_97' title='bbox 124 1044 244 1111; x_wconf 79' lang='lat' dir='ltr'>diligere</span> <span class='ocrx_word' id='word_1_98' title='bbox 253 1043 344 1095; x_wconf 86' lang='lat' dir='ltr'>Deum</span> <span class='ocrx_word' id='word_1_99' title='bbox 353 1058 389 1095; x_wconf 82' lang='lat' dir='ltr'>ex</span> <span class='ocrx_word' id='word_1_100' title='bbox 398 1048 459 1095; x_wconf 87' lang='lat' dir='ltr'>tutu</span> <span class='ocrx_word' id='word_1_101' title='bbox 471 1044 565 1106; x_wconf 83' lang='lat' dir='ltr'>corde,</span> <span class='ocrx_word' id='word_1_102' title='bbox 576 1057 611 1095; x_wconf 80' lang='lat' dir='ltr'>ex</span> <span class='ocrx_word' id='word_1_103' title='bbox 621 1049 682 1095; x_wconf 85' lang='lat' dir='ltr'>tots</span> <span class='ocrx_word' id='word_1_104' title='bbox 690 1046 790 1106; x_wconf 83' lang='lat' dir='ltr'>anima,</span> <span class='ocrx_word' id='word_1_105' title='bbox 802 1051 876 1097; x_wconf 85' lang='lat' dir='ltr'>etex</span> 
     </span>
     <span class='ocr_line' id='line_1_15' title="bbox 68 1111 876 1177; baseline 0 -16"><span class='ocrx_word' id='word_1_106' title='bbox 68 1117 131 1161; x_wconf 86' lang='lat' dir='ltr'>tuta</span> <span class='ocrx_word' id='word_1_107' title='bbox 140 1116 248 1172; x_wconf 88' lang='lat' dir='ltr'>mente,</span> <span class='ocrx_word' id='word_1_108' title='bbox 259 1118 287 1161; x_wconf 88' lang='lat' dir='ltr'>et</span> <span class='ocrx_word' id='word_1_109' title='bbox 297 1111 416 1177; x_wconf 84' lang='lat' dir='ltr'>diligere</span> <span class='ocrx_word' id='word_1_110' title='bbox 425 1111 582 1176; x_wconf 78' lang='lat' dir='ltr'>proximum</span> <span class='ocrx_word' id='word_1_111' title='bbox 591 1117 722 1177; x_wconf 85' lang='lat' dir='ltr'>tanquam</span> <span class='ocrx_word' id='word_1_112' title='bbox 731 1117 760 1161; x_wconf 83' lang='lat' dir='ltr'>te</span> <span class='ocrx_word' id='word_1_113' title='bbox 770 1112 876 1177; x_wconf 67' lang='lat' dir='ltr'>ipsum!</span> 
     </span>
     <span class='ocr_line' id='line_1_16' title="bbox 68 1175 978 1245; baseline 0.003 -18"><span class='ocrx_word' id='word_1_114' title='bbox 68 1176 168 1245; x_wconf 82' lang='lat' dir='ltr'>ltaque</span> <span class='ocrx_word' id='word_1_115' title='bbox 179 1176 298 1244; x_wconf 79' lang='lat' dir='ltr'>flagitia,</span> <span class='ocrx_word' id='word_1_116' title='bbox 313 1180 384 1245; x_wconf 77' lang='lat' dir='ltr'>quae</span> <span class='ocrx_word' id='word_1_117' title='bbox 395 1184 459 1228; x_wconf 85' lang='lat' dir='ltr'>sunt</span> <span class='ocrx_word' id='word_1_118' title='bbox 467 1184 567 1228; x_wconf 84' lang='lat' dir='ltr'>eontra</span> <span class='ocrx_word' id='word_1_119' title='bbox 575 1183 714 1241; x_wconf 81' lang='lat' dir='ltr'>naturam,</span> <span class='ocrx_word' id='word_1_120' title='bbox 729 1175 776 1229; x_wconf 89' lang='lat' dir='ltr'>ubi</span> <span class='ocrx_word' id='word_1_121' title='bbox 796 1191 874 1231; x_wconf 80' lang='lat' dir='ltr'>neae</span> <span class='ocrx_word' id='word_1_122' title='bbox 973 1236 978 1243; x_wconf 49' lang='lat'>‚</span> 
     </span>
     <span class='ocr_line' id='line_1_17' title="bbox 68 1194 874 1312; baseline 0.001 -17"><span class='ocrx_word' id='word_1_123' title='bbox 68 1258 182 1311; x_wconf 84' lang='lat' dir='ltr'>semper</span> <span class='ocrx_word' id='word_1_124' title='bbox 194 1243 360 1295; x_wconf 84' lang='lat' dir='ltr'>detestanda</span> <span class='ocrx_word' id='word_1_125' title='bbox 375 1250 404 1294; x_wconf 89' lang='lat' dir='ltr'>at</span> <span class='ocrx_word' id='word_1_126' title='bbox 423 1258 458 1297; x_wconf 88' lang='lat' dir='ltr'>ue</span> <span class='ocrx_word' id='word_1_127' title='bbox 474 1244 615 1311; x_wconf 83' lang='lat' dir='ltr'>punienda</span> <span class='ocrx_word' id='word_1_128' title='bbox 627 1252 704 1309; x_wconf 86' lang='lat' dir='ltr'>sunt,</span> <span class='ocrx_word' id='word_1_129' title='bbox 720 1194 814 1312; x_wconf 70' lang='lat' dir='ltr'>qnaflu</span> <span class='ocrx_word' id='word_1_130' title='bbox 824 1244 874 1297; x_wconf 82' lang='lat' dir='ltr'>Su·</span> 
     </span>
     <span class='ocr_line' id='line_1_18' title="bbox 9 1260 874 1379; baseline 0 -17"><span class='ocrx_word' id='word_1_131' title='bbox 9 1342 11 1349; x_wconf 65' lang='lat'>›</span> <span class='ocrx_word' id='word_1_132' title='bbox 67 1311 236 1363; x_wconf 82' lang='lat' dir='ltr'>domitarum</span> <span class='ocrx_word' id='word_1_133' title='bbox 247 1310 368 1363; x_wconf 85' lang='lat' dir='ltr'>fuerunt.</span> <span class='ocrx_word' id='word_1_134' title='bbox 403 1260 513 1372; x_wconf 54' lang='lat' dir='ltr'>auersi</span> <span class='ocrx_word' id='word_1_135' title='bbox 523 1326 618 1363; x_wconf 87' lang='lat' dir='ltr'>omnes</span> <span class='ocrx_word' id='word_1_136' title='bbox 629 1319 728 1379; x_wconf 80' lang='lat' dir='ltr'>gentes</span> <span class='ocrx_word' id='word_1_137' title='bbox 737 1312 874 1375; x_wconf 81' lang='lat' dir='ltr'>iacerent,</span> 
     </span>
     <span class='ocr_line' id='line_1_19' title="bbox 68 1378 874 1447; baseline 0.001 -18"><span class='ocrx_word' id='word_1_138' title='bbox 68 1378 170 1430; x_wconf 86' lang='lat' dir='ltr'>eudem</span> <span class='ocrx_word' id='word_1_139' title='bbox 184 1378 308 1429; x_wconf 81' lang='lat' dir='ltr'>criminis</span> <span class='ocrx_word' id='word_1_140' title='bbox 321 1382 402 1429; x_wconf 86' lang='lat' dir='ltr'>reatu</span> <span class='ocrx_word' id='word_1_141' title='bbox 415 1378 508 1430; x_wconf 85' lang='lat' dir='ltr'>divina</span> <span class='ocrx_word' id='word_1_142' title='bbox 522 1378 549 1429; x_wconf 87' lang='lat' dir='ltr'>ie</span> <span class='ocrx_word' id='word_1_143' title='bbox 570 1393 586 1429; x_wconf 89' lang='lat' dir='ltr'>e</span> <span class='ocrx_word' id='word_1_144' title='bbox 603 1384 782 1442; x_wconf 83' lang='lat' dir='ltr'>tenerentur,</span> <span class='ocrx_word' id='word_1_145' title='bbox 801 1393 874 1447; x_wconf 83' lang='lat' dir='ltr'>quae</span> 
     </span>
     <span class='ocr_line' id='line_1_20' title="bbox 68 1394 872 1509; baseline 0.002 -13"><span class='ocrx_word' id='word_1_146' title='bbox 68 1460 125 1496; x_wconf 89' lang='lat' dir='ltr'>non</span> <span class='ocrx_word' id='word_1_147' title='bbox 140 1446 183 1498; x_wconf 84' lang='lat' dir='ltr'>sie</span> <span class='ocrx_word' id='word_1_148' title='bbox 202 1443 271 1498; x_wconf 79' lang='lat' dir='ltr'>feeit</span> <span class='ocrx_word' id='word_1_149' title='bbox 288 1444 427 1509; x_wconf 86' lang='lat' dir='ltr'>homines,</span> <span class='ocrx_word' id='word_1_150' title='bbox 446 1450 478 1498; x_wconf 84' lang='lat' dir='ltr'>ut</span> <span class='ocrx_word' id='word_1_151' title='bbox 497 1461 528 1498; x_wconf 85' lang='lat' dir='ltr'>se</span> <span class='ocrx_word' id='word_1_152' title='bbox 547 1394 597 1498; x_wconf 59' lang='lat' dir='ltr'>fiio</span> <span class='ocrx_word' id='word_1_153' title='bbox 616 1453 760 1498; x_wconf 80' lang='lat' dir='ltr'>uterentur</span> <span class='ocrx_word' id='word_1_154' title='bbox 777 1438 872 1499; x_wconf 65' lang='lat' dir='ltr'>mud‘u.</span> 
     </span>
     <span class='ocr_line' id='line_1_21' title="bbox 70 1511 873 1580; baseline 0 -16"><span class='ocrx_word' id='word_1_155' title='bbox 70 1511 201 1564; x_wconf 75' lang='lat' dir='ltr'>violatur</span> <span class='ocrx_word' id='word_1_156' title='bbox 211 1513 313 1579; x_wconf 86' lang='lat' dir='ltr'>quippe</span> <span class='ocrx_word' id='word_1_157' title='bbox 326 1514 388 1579; x_wconf 84' lang='lat' dir='ltr'>ipsa</span> <span class='ocrx_word' id='word_1_158' title='bbox 402 1513 539 1576; x_wconf 83' lang='lat' dir='ltr'>societas,</span> <span class='ocrx_word' id='word_1_159' title='bbox 553 1528 625 1580; x_wconf 87' lang='lat' dir='ltr'>quae</span> <span class='ocrx_word' id='word_1_160' title='bbox 639 1529 701 1565; x_wconf 84' lang='lat' dir='ltr'>eum</span> <span class='ocrx_word' id='word_1_161' title='bbox 713 1513 777 1564; x_wconf 85' lang='lat' dir='ltr'>Deo</span> <span class='ocrx_word' id='word_1_162' title='bbox 791 1514 873 1565; x_wconf 87' lang='lat' dir='ltr'>nubis</span> 
     </span>
     <span class='ocr_line' id='line_1_22' title="bbox 70 1578 906 1642; baseline -0.001 -12"><span class='ocrx_word' id='word_1_163' title='bbox 70 1595 132 1630; x_wconf 84' lang='lat' dir='ltr'>esse</span> <span class='ocrx_word' id='word_1_164' title='bbox 143 1579 241 1642; x_wconf 83' lang='lat' dir='ltr'>debet,</span> <span class='ocrx_word' id='word_1_165' title='bbox 256 1595 318 1630; x_wconf 85' lang='lat' dir='ltr'>cum</span> <span class='ocrx_word' id='word_1_166' title='bbox 328 1578 425 1630; x_wconf 86' lang='lat' dir='ltr'>eadem</span> <span class='ocrx_word' id='word_1_167' title='bbox 436 1587 547 1641; x_wconf 84' lang='lat' dir='ltr'>natura,</span> <span class='ocrx_word' id='word_1_168' title='bbox 563 1580 642 1631; x_wconf 86' lang='lat' dir='ltr'>cuius</span> <span class='ocrx_word' id='word_1_169' title='bbox 652 1578 702 1630; x_wconf 90' lang='lat' dir='ltr'>ille</span> <span class='ocrx_word' id='word_1_170' title='bbox 712 1585 874 1641; x_wconf 80' lang='lat' dir='ltr'>auctorest,</span> <span class='ocrx_word' id='word_1_171' title='bbox 903 1585 906 1588; x_wconf 83' lang='grc'>’</span> 
     </span>
     <span class='ocr_line' id='line_1_23' title="bbox 69 1646 875 1763; baseline -0.001 -67"><span class='ocrx_word' id='word_1_172' title='bbox 69 1646 195 1698; x_wconf 81' lang='lat' dir='ltr'>iibidiuis</span> <span class='ocrx_word' id='word_1_173' title='bbox 205 1647 389 1712; x_wconf 79' lang='lat' dir='ltr'>perversitate</span> <span class='ocrx_word' id='word_1_174' title='bbox 399 1647 548 1763; x_wconf 59' lang='lat' dir='ltr'>Kolluitur.</span> <span class='ocrx_word' id='word_1_175' title='bbox 583 1646 662 1706; x_wconf 73' lang='lat' dir='ltr'>Quae</span> <span class='ocrx_word' id='word_1_176' title='bbox 673 1650 766 1695; x_wconf 81' lang='lat' dir='ltr'>autem</span> <span class='ocrx_word' id='word_1_177' title='bbox 776 1651 875 1695; x_wconf 73' lang='lat' dir='ltr'>cunm</span> 
     </span>
     <span class='ocr_line' id='line_1_24' title="bbox 68 1711 873 1780; baseline 0 -16"><span class='ocrx_word' id='word_1_178' title='bbox 68 1727 162 1764; x_wconf 84' lang='lat' dir='ltr'>mores</span> <span class='ocrx_word' id='word_1_179' title='bbox 173 1711 315 1771; x_wconf 73' lang='lat' dir='ltr'>dominun</span> <span class='ocrx_word' id='word_1_180' title='bbox 325 1719 390 1766; x_wconf 84' lang='lat' dir='ltr'>sunt</span> <span class='ocrx_word' id='word_1_181' title='bbox 420 1714 520 1780; x_wconf 82' lang='lat' dir='ltr'>agitia,</span> <span class='ocrx_word' id='word_1_182' title='bbox 529 1721 581 1779; x_wconf 87' lang='lat' dir='ltr'>pru</span> <span class='ocrx_word' id='word_1_183' title='bbox 591 1727 699 1763; x_wconf 88' lang='lat' dir='ltr'>murum</span> <span class='ocrx_word' id='word_1_184' title='bbox 710 1713 873 1765; x_wconf 75' lang='lat' dir='ltr'>diversitate</span> 
     </span>
     <span class='ocr_line' id='line_1_25' title="bbox 67 1779 873 1846; baseline 0.002 -16"><span class='ocrx_word' id='word_1_185' title='bbox 67 1780 182 1831; x_wconf 76' lang='lat' dir='ltr'>vitanda</span> <span class='ocrx_word' id='word_1_186' title='bbox 195 1785 273 1844; x_wconf 83' lang='lat' dir='ltr'>suut3</span> <span class='ocrx_word' id='word_1_187' title='bbox 291 1784 322 1831; x_wconf 86' lang='lat' dir='ltr'>ut</span> <span class='ocrx_word' id='word_1_188' title='bbox 354 1787 445 1831; x_wconf 85' lang='lat' dir='ltr'>actum</span> <span class='ocrx_word' id='word_1_189' title='bbox 459 1781 533 1831; x_wconf 86' lang='lat' dir='ltr'>inter</span> <span class='ocrx_word' id='word_1_190' title='bbox 546 1791 576 1831; x_wconf 78' lang='lat' dir='ltr'>sa</span> <span class='ocrx_word' id='word_1_191' title='bbox 591 1779 713 1830; x_wconf 78' lang='lat' dir='ltr'>ciuitatis</span> <span class='ocrx_word' id='word_1_192' title='bbox 724 1785 771 1835; x_wconf 79' lang='lat' dir='ltr'>aut</span> <span class='ocrx_word' id='word_1_193' title='bbox 781 1781 873 1846; x_wconf 84' lang='lat' dir='ltr'>gentis</span> 
     </span>
     <span class='ocr_line' id='line_1_26' title="bbox 69 1795 872 1914; baseline 0.001 -16"><span class='ocrx_word' id='word_1_194' title='bbox 69 1847 272 1898; x_wconf 83' lang='lat' dir='ltr'>cousuetudine</span> <span class='ocrx_word' id='word_1_195' title='bbox 285 1795 367 1898; x_wconf 55' lang='lat' dir='ltr'>veffle</span> <span class='ocrx_word' id='word_1_196' title='bbox 389 1861 404 1898; x_wconf 92' lang='lat' dir='ltr'>e</span> <span class='ocrx_word' id='word_1_197' title='bbox 415 1848 566 1910; x_wconf 82' lang='lat' dir='ltr'>firmatum,</span> <span class='ocrx_word' id='word_1_198' title='bbox 577 1845 654 1897; x_wconf 89' lang='lat' dir='ltr'>nulla</span> <span class='ocrx_word' id='word_1_199' title='bbox 667 1847 736 1898; x_wconf 82' lang='lat' dir='ltr'>ciuis</span> <span class='ocrx_word' id='word_1_200' title='bbox 750 1853 798 1897; x_wconf 86' lang='lat' dir='ltr'>eut</span> <span class='ocrx_word' id='word_1_201' title='bbox 811 1861 872 1914; x_wconf 89' lang='lat' dir='ltr'>per-</span> 
     </span>
     <span class='ocr_line' id='line_1_27' title="bbox 71 1863 871 1981; baseline 0.004 -18"><span class='ocrx_word' id='word_1_202' title='bbox 71 1915 161 1980; x_wconf 83' lang='lat' dir='ltr'>egrini</span> <span class='ocrx_word' id='word_1_203' title='bbox 186 1914 302 1966; x_wconf 88' lang='lat' dir='ltr'>libidine</span> <span class='ocrx_word' id='word_1_204' title='bbox 325 1863 455 1970; x_wconf 49' lang='lat' dir='ltr'>riuffetur.</span> <span class='ocrx_word' id='word_1_205' title='bbox 502 1914 624 1981; x_wconf 84' lang='lat' dir='ltr'>Turpis</span> <span class='ocrx_word' id='word_1_206' title='bbox 651 1914 737 1965; x_wconf 90' lang='lat' dir='ltr'>enim</span> <span class='ocrx_word' id='word_1_207' title='bbox 764 1915 871 1966; x_wconf 84' lang='lat' dir='ltr'>omnis</span> 
     </span>
     <span class='ocr_line' id='line_1_28' title="bbox 68 1981 872 2049; baseline 0.001 -18"><span class='ocrx_word' id='word_1_208' title='bbox 68 1995 144 2048; x_wconf 79' lang='lat' dir='ltr'>pars</span> <span class='ocrx_word' id='word_1_209' title='bbox 164 1987 217 2032; x_wconf 79' lang='lat' dir='ltr'>est</span> <span class='ocrx_word' id='word_1_210' title='bbox 233 1997 294 2033; x_wconf 86' lang='lat' dir='ltr'>suu</span> <span class='ocrx_word' id='word_1_211' title='bbox 312 1983 476 2039; x_wconf 16' lang='lat' dir='ltr'>universo!</span> <span class='ocrx_word' id='word_1_212' title='bbox 490 1995 555 2033; x_wconf 86' lang='lat' dir='ltr'>nun</span> <span class='ocrx_word' id='word_1_213' title='bbox 572 1994 771 2049; x_wconf 76' lang='lat' dir='ltr'>congruens.</span> <span class='ocrx_word' id='word_1_214' title='bbox 803 1981 872 2041; x_wconf 76' lang='lat' dir='ltr'>Cum</span> 
     </span>
     <span class='ocr_line' id='line_1_29' title="bbox 69 2047 870 2116; baseline 0.002 -18"><span class='ocrx_word' id='word_1_215' title='bbox 69 2055 161 2105; x_wconf 81' lang='lat' dir='ltr'>autem</span> <span class='ocrx_word' id='word_1_216' title='bbox 173 2047 371 2116; x_wconf 71' lang='lat' dir='ltr'>Deusuliqnid</span> <span class='ocrx_word' id='word_1_217' title='bbox 387 2055 484 2100; x_wconf 86' lang='lat' dir='ltr'>contra</span> <span class='ocrx_word' id='word_1_218' title='bbox 495 2062 601 2101; x_wconf 77' lang='lat' dir='ltr'>nnurem</span> <span class='ocrx_word' id='word_1_219' title='bbox 614 2055 664 2100; x_wconf 88' lang='lat' dir='ltr'>aut</span> <span class='ocrx_word' id='word_1_220' title='bbox 676 2055 786 2114; x_wconf 84' lang='lat' dir='ltr'>paetum</span> <span class='ocrx_word' id='word_1_221' title='bbox 804 2062 870 2116; x_wconf 84' lang='lat' dir='ltr'>quo-</span> 
     </span>
     <span class='ocr_line' id='line_1_30' title="bbox 68 2114 870 2182; baseline 0 -16"><span class='ocrx_word' id='word_1_222' title='bbox 68 2115 200 2170; x_wconf 78' lang='lat' dir='ltr'>rumlibet</span> <span class='ocrx_word' id='word_1_223' title='bbox 209 2115 298 2177; x_wconf 86' lang='lat' dir='ltr'>iubet,</span> <span class='ocrx_word' id='word_1_224' title='bbox 309 2123 339 2167; x_wconf 83' lang='lat' dir='ltr'>et</span> <span class='ocrx_word' id='word_1_225' title='bbox 350 2117 374 2166; x_wconf 85' lang='lat' dir='ltr'>si</span> <span class='ocrx_word' id='word_1_226' title='bbox 385 2131 532 2182; x_wconf 72' lang='lat' dir='ltr'>numquam</span> <span class='ocrx_word' id='word_1_227' title='bbox 542 2117 581 2167; x_wconf 91' lang='lat' dir='ltr'>ibi</span> <span class='ocrx_word' id='word_1_228' title='bbox 590 2115 694 2167; x_wconf 79' lang='lat' dir='ltr'>fautum</span> <span class='ocrx_word' id='word_1_229' title='bbox 705 2123 756 2179; x_wconf 88' lang='lat' dir='ltr'>est,</span> <span class='ocrx_word' id='word_1_230' title='bbox 767 2114 870 2168; x_wconf 79' lang='lat' dir='ltr'>facien·</span> 
     </span>
     <span class='ocr_line' id='line_1_31' title="bbox 70 2183 871 2248; baseline 0.004 -16"><span class='ocrx_word' id='word_1_231' title='bbox 70 2183 133 2232; x_wconf 88' lang='lat' dir='ltr'>dum</span> <span class='ocrx_word' id='word_1_232' title='bbox 143 2189 199 2246; x_wconf 83' lang='lat' dir='ltr'>est;</span> <span class='ocrx_word' id='word_1_233' title='bbox 219 2183 281 2233; x_wconf 86' lang='lat' dir='ltr'>etsi</span> <span class='ocrx_word' id='word_1_234' title='bbox 292 2183 437 2245; x_wconf 87' lang='lat' dir='ltr'>omissum,</span> <span class='ocrx_word' id='word_1_235' title='bbox 447 2183 670 2248; x_wconf 67' lang='lat' dir='ltr'>instaurandum</span> <span class='ocrx_word' id='word_1_236' title='bbox 691 2189 719 2235; x_wconf 81' lang='lat' dir='ltr'>et</span> <span class='ocrx_word' id='word_1_237' title='bbox 729 2184 754 2233; x_wconf 90' lang='lat' dir='ltr'>si</span> <span class='ocrx_word' id='word_1_238' title='bbox 761 2183 871 2234; x_wconf 84' lang='lat' dir='ltr'>institu-</span> 
     </span>
     <span class='ocr_line' id='line_1_32' title="bbox 69 2249 872 2317; baseline -0.002 -17"><span class='ocrx_word' id='word_1_239' title='bbox 69 2255 128 2312; x_wconf 78' lang='lat' dir='ltr'>tum</span> <span class='ocrx_word' id='word_1_240' title='bbox 139 2263 195 2300; x_wconf 89' lang='lat' dir='ltr'>nun</span> <span class='ocrx_word' id='word_1_241' title='bbox 211 2255 283 2311; x_wconf 72' lang='lat' dir='ltr'>erat3</span> <span class='ocrx_word' id='word_1_242' title='bbox 297 2249 496 2300; x_wconf 89' lang='lat' dir='ltr'>instituendum</span> <span class='ocrx_word' id='word_1_243' title='bbox 511 2256 563 2317; x_wconf 84' lang='lat' dir='ltr'>est.</span> <span class='ocrx_word' id='word_1_244' title='bbox 599 2250 629 2302; x_wconf 82' lang='lat' dir='ltr'>Si</span> <span class='ocrx_word' id='word_1_245' title='bbox 643 2250 716 2301; x_wconf 86' lang='lat' dir='ltr'>enim</span> <span class='ocrx_word' id='word_1_246' title='bbox 727 2249 790 2316; x_wconf 77' lang='lat' dir='ltr'>regi</span> <span class='ocrx_word' id='word_1_247' title='bbox 804 2250 872 2300; x_wconf 85' lang='lat' dir='ltr'>licet</span> 
     </span>
     <span class='ocr_line' id='line_1_33' title="bbox 69 2315 929 2384; baseline -0.002 -18"><span class='ocrx_word' id='word_1_248' title='bbox 69 2317 96 2366; x_wconf 88' lang='lat' dir='ltr'>in</span> <span class='ocrx_word' id='word_1_249' title='bbox 112 2315 239 2378; x_wconf 80' lang='lat' dir='ltr'>civitate,</span> <span class='ocrx_word' id='word_1_250' title='bbox 260 2317 304 2366; x_wconf 89' lang='lat' dir='ltr'>cui</span> <span class='ocrx_word' id='word_1_251' title='bbox 317 2322 430 2383; x_wconf 81' lang='lat' dir='ltr'>regnat,</span> <span class='ocrx_word' id='word_1_252' title='bbox 448 2316 546 2367; x_wconf 88' lang='lat' dir='ltr'>iubere</span> <span class='ocrx_word' id='word_1_253' title='bbox 559 2317 676 2384; x_wconf 85' lang='lat' dir='ltr'>aliquid,</span> <span class='ocrx_word' id='word_1_254' title='bbox 692 2317 767 2384; x_wconf 89' lang='lat' dir='ltr'>quud</span> <span class='ocrx_word' id='word_1_255' title='bbox 779 2327 870 2381; x_wconf 83' lang='lat' dir='ltr'>neque</span> <span class='ocrx_word' id='word_1_256' title='bbox 923 2340 929 2357; x_wconf 64' lang='grc' dir='ltr'><strong>ι</strong></span> 
     </span>
     <span class='ocr_line' id='line_1_34' title="bbox 70 2381 871 2451; baseline -0.004 -19"><span class='ocrx_word' id='word_1_257' title='bbox 70 2387 132 2434; x_wconf 85' lang='lat' dir='ltr'>ante</span> <span class='ocrx_word' id='word_1_258' title='bbox 147 2381 401 2451; x_wconf 86' lang='lat' dir='ltr'>illumquisquam‚</span> <span class='ocrx_word' id='word_1_259' title='bbox 415 2397 467 2434; x_wconf 85' lang='lat' dir='ltr'>nec</span> <span class='ocrx_word' id='word_1_260' title='bbox 481 2384 542 2448; x_wconf 86' lang='lat' dir='ltr'>ipse</span> <span class='ocrx_word' id='word_1_261' title='bbox 551 2397 680 2451; x_wconf 85' lang='lat' dir='ltr'>umquam</span> <span class='ocrx_word' id='word_1_262' title='bbox 690 2385 823 2443; x_wconf 81' lang='lat' dir='ltr'>iusserat3</span> <span class='ocrx_word' id='word_1_263' title='bbox 842 2386 871 2430; x_wconf 85' lang='lat' dir='ltr'>et</span> 
     </span>
     <span class='ocr_line' id='line_1_35' title="bbox 69 2450 870 2514; baseline -0.006 -15"><span class='ocrx_word' id='word_1_264' title='bbox 69 2462 123 2500; x_wconf 85' lang='lat' dir='ltr'>nou</span> <span class='ocrx_word' id='word_1_265' title='bbox 148 2455 247 2500; x_wconf 83' lang='lat' dir='ltr'>contra</span> <span class='ocrx_word' id='word_1_266' title='bbox 270 2451 434 2500; x_wconf 77' lang='lat' dir='ltr'>societatem</span> <span class='ocrx_word' id='word_1_267' title='bbox 457 2451 578 2502; x_wconf 79' lang='lat' dir='ltr'>civitatis</span> <span class='ocrx_word' id='word_1_268' title='bbox 602 2453 629 2500; x_wconf 90' lang='lat' dir='ltr'>ei</span> <span class='ocrx_word' id='word_1_269' title='bbox 654 2450 870 2514; x_wconf 80' lang='lat' dir='ltr'>obtemperetur,</span> 
     </span>
     <span class='ocr_line' id='line_1_36' title="bbox 69 2511 869 2582; baseline -0.006 -17"><span class='ocrx_word' id='word_1_270' title='bbox 69 2515 124 2567; x_wconf 84' lang='lat' dir='ltr'>imo</span> <span class='ocrx_word' id='word_1_271' title='bbox 140 2521 240 2567; x_wconf 82' lang='lat' dir='ltr'>contra</span> <span class='ocrx_word' id='word_1_272' title='bbox 255 2517 418 2568; x_wconf 84' lang='lat' dir='ltr'>societatem</span> <span class='ocrx_word' id='word_1_273' title='bbox 432 2531 488 2566; x_wconf 89' lang='lat' dir='ltr'>non</span> <span class='ocrx_word' id='word_1_274' title='bbox 507 2516 713 2582; x_wconf 83' lang='lat' dir='ltr'>obtemperatur</span> <span class='ocrx_word' id='word_1_275' title='bbox 725 2511 869 2576; x_wconf 80' lang='lat' dir='ltr'>(generals</span> 
     </span>
     <span class='ocr_line' id='line_1_37' title="bbox 71 2577 870 2650; baseline -0.01 -19"><span class='ocrx_word' id='word_1_276' title='bbox 71 2584 170 2650; x_wconf 89' lang='lat' dir='ltr'>quippe</span> <span class='ocrx_word' id='word_1_277' title='bbox 183 2589 296 2648; x_wconf 81' lang='lat' dir='ltr'>paetum</span> <span class='ocrx_word' id='word_1_278' title='bbox 310 2590 354 2634; x_wconf 88' lang='lat' dir='ltr'>est</span> <span class='ocrx_word' id='word_1_279' title='bbox 367 2583 510 2634; x_wconf 82' lang='lat' dir='ltr'>societatis</span> <span class='ocrx_word' id='word_1_280' title='bbox 526 2582 661 2632; x_wconf 77' lang='lat' dir='ltr'>humanae</span> <span class='ocrx_word' id='word_1_281' title='bbox 672 2577 787 2628; x_wconf 87' lang='lat' dir='ltr'>obedire</span> <span class='ocrx_word' id='word_1_282' title='bbox 795 2577 870 2642; x_wconf 74' lang='lat' dir='ltr'>regi·</span> 
     </span>
     <span class='ocr_line' id='line_1_38' title="bbox 70 2643 869 2720; baseline -0.013 -22"><span class='ocrx_word' id='word_1_283' title='bbox 70 2647 120 2702; x_wconf 90' lang='lat' dir='ltr'>bus</span> <span class='ocrx_word' id='word_1_284' title='bbox 136 2649 240 2720; x_wconf 56' lang='grc' dir='ltr'>μυίης·</span> <span class='ocrx_word' id='word_1_285' title='bbox 255 2656 357 2717; x_wconf 86' lang='lat' dir='ltr'>quanto</span> <span class='ocrx_word' id='word_1_286' title='bbox 375 2651 465 2717; x_wconf 82' lang='lat' dir='ltr'>magis</span> <span class='ocrx_word' id='word_1_287' title='bbox 484 2648 548 2699; x_wconf 88' lang='lat' dir='ltr'>Deo</span> <span class='ocrx_word' id='word_1_288' title='bbox 566 2643 710 2716; x_wconf 79' lang='lat' dir='ltr'>regnaturi</span> <span class='ocrx_word' id='word_1_289' title='bbox 723 2644 869 2692; x_wconf 82' lang='lat' dir='ltr'>universae</span> 
     </span>
    </p>
   </div>
   <div class='ocr_carea' id='block_1_4' title="bbox 0 0 1030 2925">
    <p class='ocr_par' dir='ltr' id='par_1_4' title="bbox 0 0 1030 2925">
     <span class='ocr_line' id='line_1_39' title="bbox 0 0 1030 2925; baseline 0 1"><span class='ocrx_word' id='word_1_290' title='bbox 0 0 1030 2925; x_wconf 95' lang='lat' dir='ltr'> </span> 
     </span>
    </p>
   </div>
  </div>
 </body>
</html>
