2050 2925
108 118 110 125 ’
149 151 158 159 -
214 110 535 193 courus'sroxom
551 138 677 194 maun
693 142 714 193 1.
756 175 758 179 .
793 119 798 127 “
829 141 862 195 ra

59 240 165 299 ansero
181 252 238 289 non
255 239 405 291 miserante
424 252 455 291 se
473 241 576 306 ipsum,
595 240 723 293 callente
741 241 861 297 Didonis

59 312 193 367 mortem,
209 319 279 371 quae
289 305 373 357 fiebat
382 307 498 357 amando
507 310 642 370 Aeneam,
654 322 710 361 non
719 307 804 360 flente
813 324 861 360 au·

59 380 114 423 tem
129 378 249 423 mortem
259 387 351 434 suam,
364 386 433 438 quae
443 374 527 425 fiebat
535 389 590 427 non
601 374 717 426 mando
726 376 861 438 tedicus,

61 440 154 489 lumen
170 438 264 489 cordis
279 440 347 501 mei,
361 440 480 507 et'panis
495 442 552 491 oris
564 444 639 491 intus
652 441 759 493 anonae
773 456 862 504 nicae,

62 512 89 555 ct
101 504 192 555 virtus
206 505 339 563 maritans
349 513 467 557 mentem
477 521 566 559 meam
576 515 606 574 ct
614 508 704 564 sinum
714 508 862 574 cogitatio-

61 572 103 621 nis
118 570 219 621 meaei
235 570 299 623 Non
312 578 339 623 te
353 572 490 635 amabam,
505 567 706 626 et'iornicabar
717 574 767 625 abs
776 580 820 635 tc,
833 581 863 624 ct

61 636 215 687 fornicanti
233 637 350 689 sonabat
367 638 603 706 undiqueaeuge,
620 654 654 691 eu
674 654 700 692 e.
734 639 863 692 Amicitia

62 703 131 753 enim
146 701 240 768 muudi
252 702 330 754 leisc
336 704 490 771 fornicatio
503 714 543 757 ert
556 707 602 757 aba
612 714 637 755 te
647 656 719 768 (qao.
727 708 753 769 4,
763 708 814 769 4.);
833 714 863 759 et

63 784 148 837 euge,
160 784 232 837 euge
243 770 356 833 dicitur,
366 778 397 823 ut
424 772 516 833 odeat,
525 774 550 823 si
560 787 615 823 non
624 774 665 823 ita
674 772 757 829 homo
768 775 813 825 sit.
824 775 862 824 lit
885 780 889 788 '

62 834 132 887 haec
152 851 211 887 non
228 834 340 900 flebam,
359 851 390 889 se
408 836 522 889 'flebam
534 838 672 890 Didonem
686 841 860 903 exstinctam,

63 900 197 967 ferroque
221 910 345 955 extrema
362 910 497 966 secutum,
521 917 640 971 sequens
658 906 718 971 ipse
737 914 863 957 extrema

64 969 178 1020 condita
190 975 253 1031 tua,
267 969 366 1021 relicto
382 976 422 1031 te,
438 977 466 1020 ct
475 972 658 1023 termiensis
667 980 781 1036 terram,
799 974 892 1037 etsi-

63 1034 228 1101 prohiberer
246 1050 280 1085 ea
297 1036 406 1103 legere,
436 1034 573 1101 dolerem,
593 1038 726 1102 quianon
739 1038 861 1104 legerem

64 1102 139 1168 quod
159 1101 291 1153 dolerem.
325 1103 402 1153 'l'alis
422 1104 561 1157 dementia
575 1101 750 1154 honestiores
760 1112 789 1153 et
798 1105 862 1155 ube·

62 1170 154 1219 riores
168 1167 268 1219 literae
277 1175 419 1247 putantur,
435 1169 605 1235 quartillae,
620 1170 719 1235 quibus
728 1168 823 1237 legere
834 1176 863 1221 et

63 1235 189 1285 scribere
199 1234 293 1286 didici.
320 1235 376 1287 Sed
387 1250 457 1295 nunc
467 1236 495 1285 in
505 1236 596 1287 anima
604 1252 666 1287 mea
676 1236 776 1298 claruet
784 1236 861 1289 Deus

61 1316 154 1365 meus,
171 1308 199 1353 et
211 1303 314 1353 veritas
328 1310 376 1353 tua
388 1302 464 1357 dicat
472 1300 553 1357 mihin
569 1318 625 1353 non
634 1304 738 1369 cotila,
752 1310 863 1355 nonest

61 1370 116 1432 ita3
130 1368 283 1421 meliorest
289 1382 403 1486 grossus
414 1368 692 1435 doctrinaillaprior.
713 1369 782 1421 Nam
793 1384 859 1421 cccc
907 1400 910 1403 ·

62 1436 188 1502 paratior
201 1450 261 1488 sum
275 1450 291 1486 o
312 1436 402 1488 livisci
416 1450 526 1488 errores
539 1437 661 1500 Aeneae,
676 1442 757 1503 atque
768 1438 863 1488 omnia

64 1503 216 1564 eiusmodi,
235 1517 315 1570 quam
333 1503 456 1556 scribere
475 1509 504 1554 et
521 1502 625 1570 legere.
658 1505 695 1560 At
714 1504 786 1554 enim
799 1503 863 1554 vela

63 1568 186 1636 pendent
206 1569 345 1620 liminibus
363 1571 603 1637 grammaticarum
622 1566 793 1631 scholar-unm
811 1569 862 1620 sed

64 1650 120 1686 non
134 1636 184 1686 illa
199 1637 288 1715 magis
307 1634 440 1687 honorem
458 1636 658 1700 secreti,quam
673 1641 861 1701 tegumentum

66 1702 170 1752 erroris
181 1702 345 1768 significent.
380 1701 444 1754 Non
454 1701 574 1752 clament
582 1701 716 1752 adsersus
723 1715 780 1762 nie,
791 1716 861 1768 quos

62 1770 180 1819 iamnon
195 1771 292 1830 timeo,
312 1769 375 1820 dum
389 1767 526 1818 confiteor
538 1766 603 1827 tibi,
618 1781 688 1833 quae
701 1767 760 1818 vult
769 1769 860 1818 anima

62 1849 139 1896 mea,
153 1833 230 1884 Deus
239 1849 330 1896 meus,
344 1841 373 1884 et
382 1835 532 1901 adquiesco
542 1834 569 1883 in
579 1832 794 1899 reprehensione
804 1849 859 1884 ma·

62 1901 153 1951 larum
170 1902 275 1952 viarum
293 1915 427 1963 mearum,
446 1897 477 1952 ut
491 1899 604 1967 diligam
617 1899 704 1950 bonas
717 1901 776 1951 vias
789 1905 860 1953 tuas.

63 1966 126 2018 Non
144 1964 268 2018 clament
276 1967 420 2018 adversum
435 1981 478 2017 me
492 1967 652 2018 venditores
666 1968 860 2034 grammaticae

62 2035 109 2084 vel
118 2039 250 2097 emtorcs3
261 2035 356 2101 quiesi
367 2048 519 2100 proponam
529 2033 570 2084 eis
579 2035 763 2101 interrogans,
770 2041 861 2086 uuum

64 2101 233 2162 rerunrsit,
258 2096 331 2166 quod
350 2101 468 2150 Aeneam
491 2100 640 2166 aliquando
666 2099 861 2168 Carthaginem

62 2169 173 2218 venisse
194 2169 279 2232 poeta
295 2166 373 2218 dicit:
392 2166 564 2217 indoctiores
577 2181 608 2218 se
624 2168 860 2235 nescirerespoo·

63 2233 179 2294 debunt,
191 2233 331 2284 doctiores
342 2240 432 2283 autem
443 2233 526 2282 etiam
535 2233 675 2298 rregabunt
683 2249 777 2284 rerum
787 2249 859 2286 esse.

61 2298 869 2365 Atsiquaeram,quibusliterisscribaturrleoeaenomen„
955 2353 958 2356 ,

64 2381 159 2417 omnes
173 2363 255 2427 milri,
275 2367 322 2430 qui
336 2364 404 2416 llaec
419 2365 586 2426 didicerunt,
605 2380 700 2417 renim
711 2357 862 2431 responde-

62 2419 143 2493 boni,
159 2430 309 2483 secundum
322 2431 352 2481 id
361 2437 469 2496 pactum
480 2438 508 2482 et
517 2431 661 2496 placitum,
675 2446 731 2497 quo
744 2433 818 2480 inter
831 2445 863 2482 se

64 2497 191 2549 homines
201 2499 257 2548 ista
266 2497 347 2565 signa
356 2499 506 2548 firmarunt.
530 2497 601 2548 ltem
610 2498 635 2547 si
645 2511 787 2562 quaeram,
798 2497 865 2610 (laid
892 2557 897 2560 ¹

64 2563 163 2616 horum
173 2565 278 2614 maiore
288 2565 362 2614 ritae
371 2562 631 2614 huiusincommodo
645 2561 803 2626 quisqueob
815 2561 864 2608 ivi·
919 2590 925 2600 1

65 2639 172 2693 suatur,
183 2629 279 2696 legere
295 2635 323 2682 et
336 2629 473 2702 scribere,
483 2643 519 2678 an
532 2629 643 2692 poetica
656 2625 707 2675 illa
719 2625 862 2690 figmenta.-
