2050 2925
222 161 546 256 consessionem
562 172 757 227 Linum.
845 175 894 229 lla

96 272 254 341 fatigentur
261 274 362 337 inedia,
371 280 400 327 et
409 275 513 326 dicant:
526 274 716 339 Qulaostmdet
725 274 799 325 nobis
809 274 895 327 bono?
929 306 938 313 -

97 341 136 391 Et
148 342 282 401 dicamus,
297 347 325 391 et
338 343 463 393 audiant:
481 342 623 410 Signatum
636 349 674 393 eet
686 342 715 392 s'n
724 341 797 392 nobis
808 342 894 393 lutoso

97 408 185 458 vultus
197 406 249 467 tui,
262 405 386 459 Domine.
397 407 443 469 (V.
453 409 491 473 l.)
526 408 589 460 Non
602 411 675 461 euim
688 408 779 459 lumen
790 422 840 459 uos
851 425 894 459 su·

97 490 170 536 mus,
181 474 255 540 quod
264 474 401 526 illuminat
413 488 520 525 omnem
530 475 681 537 hominem3
701 476 750 526 sed
760 476 894 525 illumina-
932 500 934 502 ·

97 546 271 602 murate,ut
295 540 439 600 uitoimus
451 542 896 609 aliquando'tenebrae,simuslux

96 608 127 659 in
136 612 174 659 te.
193 556 381 657 Osivifficrent
388 608 526 659 internum
533 606 652 675 [lumen]
662 614 814 671 aeternum,
822 607 897 675 quod

51 714 56 719 ,
99 687 170 741 ego,
184 675 249 739 quia
258 680 449 740 gustaveram,
461 674 636 737 frendebam,
651 676 780 741 quoniam
789 689 845 725 non
855 674 896 724 eis
932 694 936 700 ·

96 745 225 809 poteram
238 741 399 803 ostendere,
412 744 438 792 si
450 741 592 793 adferrent
605 742 698 793 ad-mc
710 756 760 793 cor
768 744 797 792 in
807 740 896 792 oculis

99 808 159 857 suis
173 804 269 857 loma
277 811 316 868 te,
326 813 356 857 et
365 806 501 858 dicerent:
522 807 586 871 Quis
598 808 717 859 ostendet
726 806 801 858 nobis
812 806 902 858 bono?-

99 872 146 924 lbi
162 874 250 934 euim,
267 872 316 923 obi
331 871 400 925 mibi
415 874 502 925 iratus
517 889 592 925 eram
603 877 677 925 intus
690 876 720 925 in
733 874 830 937 cubili,
848 874 908 926 ubi

99 944 281 1005 compunctus
295 952 382 1001 eram,
395 940 444 991 ubi
457 941 678 991 sacrificaveram
687 947 809 993 mactans
820 948 897 991 vetu-

92 1010 202 1057 statem
212 1018 313 1068 meam,
333 1003 503 1059 ctiochoata
514 1005 695 1056 meditatione
708 1005 899 1057 renovationis

99 1086 188 1133 meac,
199 1085 314 1137 sperans
323 1072 401 1133 inte,
412 1072 454 1123 ibi
463 1071 625 1123 dulcescere
635 1084 768 1137 coeperas
778 1076 807 1122 et
816 1072 898 1123 dede·

99 1154 147 1190 ras
160 1136 295 1189 laetitiam
309 1137 338 1189 iu
352 1136 439 1188 corde
452 1152 525 1188 mco.
558 1136 790 1187 Eteaclamabam
800 1137 900 1203 legens

95 1202 170 1255 llaec
180 1203 260 1266 ioris,
270 1210 299 1254 et
308 1215 463 1270 agnoscens
472 1206 622 1266 intu23nec
631 1204 758 1255 volebam
766 1204 898 1269 multipli-

99 1273 160 1322 cati
172 1271 291 1322 tersenis
303 1269 398 1333 bonis,
412 1271 548 1322 daurons
557 1275 695 1337 tempora,
710 1276 738 1321 ct
748 1271 897 1335 decoratus

70 1379 81 1398 ,
98 1338 287 1403 temporibus,
307 1352 369 1389 cum
390 1335 522 1388 haberem
539 1338 568 1388 in
587 1343 701 1387 aeterna
719 1336 897 1405 simplicitate

98 1404 177 1456 aliod
184 1401 352 1455 frumentum
360 1409 391 1455 et
398 1405 490 1455 mnam
500 1409 532 1462 et¹
539 1404 641 1455 oleum·
660 1404 697 1455 Et
707 1405 858 1456 clamabam
866 1405 897 1455 in

98 1473 283 1538 consequenti
295 1483 379 1522 versu
390 1471 512 1523 elamore
523 1471 579 1523 alto
591 1472 684 1522 cordis
693 1473 760 1523 meis
779 1469 841 1522 Oia
847 1485 901 1538 pa·
916 1482 920 1489 ·

99 1538 144 1590 cel
153 1537 204 1587 oia
212 1537 261 1598 s'd'
276 1539 347 1587 euml
357 1539 387 1599 (ο
398 1537 464 1604 quid
471 1538 542 1588 dixit
548 1537 567 1600 l)
578 1537 898 1589 obdormiametsomnum

99 1603 222 1670 capiam!
233 1605 243 1663 (
271 1601 326 1666 .t.)
338 1603 474 1662 Quoniam
484 1604 546 1669 quis
554 1605 669 1654 resistet
679 1605 770 1666 nobi,
779 1605 899 1656 cumbet
983 1614 988 1618 ·

99 1683 211 1731 sermo,
227 1669 276 1734 qui
292 1671 412 1734 scriptus
425 1675 481 1720 est:
499 1667 627 1734 absorpta
639 1678 762 1720 estmors
774 1669 803 1720 io
815 1669 897 1720 oldo-

99 1735 301 1797 n'mlsscor.
313 1734 353 1798 lb,
363 1734 417 1800 55.)
451 1734 487 1786 Et
504 1741 535 1786 tu
554 1745 584 1786 es
597 1736 626 1786 id
639 1736 728 1803 ipsum
740 1735 832 1799 valde,
845 1738 900 1803 qui

98 1819 158 1856 non
177 1801 308 1865 mutarim
326 1807 354 1852 et
371 1802 401 1853 in
418 1809 448 1854 te
466 1803 577 1870 requies
592 1803 759 1855 obliviscens
773 1803 899 1854 laborum

99 1871 236 1931 omnium,
257 1870 388 1935 quoniam
404 1869 497 1921 nullus
517 1869 588 1921 alius
606 1875 710 1932 tecum,
729 1885 781 1921 nec
794 1869 902 1933 adalia

98 1937 187 1989 nauita
199 1935 390 2001 adipiscenda,
408 1951 477 2005 quae
491 1952 547 1988 non
561 1943 636 2000 sunt,
651 1938 725 2004 quod
736 1942 774 1988 tu.
794 1937 847 1988 Sed
859 1945 904 2000 ta,

99 2002 225 2064 Domine,
235 2001 503 2072 singulariorum
510 2002 673 2056 wnstltuc'sta'
681 2019 730 2057 me.
742 2003 787 2067 (V.
798 2003 834 2064 9.)
844 2004 897 2056 Le·
912 2063 914 2068 ,

101 2069 215 2137 gebam,
233 2076 262 2120 et
273 2070 416 2135 ardebam3
433 2087 485 2122 nec
497 2071 686 2134 inveniebam,¹
698 2072 763 2139 qnid
775 2070 898 2122 iacerem

99 2137 192 2188 surdis
210 2139 341 2201 mortuis,
366 2153 401 2190 ex
421 2140 520 2206 quibos
539 2138 645 2190 fueram
662 2141 762 2206 pestis,
781 2138 899 2192 latratos·

98 2217 224 2265 amarus,
243 2209 272 2254 et
286 2205 544 2258 -caecusadversus
564 2206 660 2258 literas
680 2206 714 2256 de
727 2206 809 2257 melle
824 2204 898 2257 coeli
995 2241 997 2246 .

97 2269 229 2333 melleas,
240 2277 268 2320 et
278 2271 314 2322 de
323 2271 425 2323 lumine
434 2279 483 2324 tuo
494 2274 659 2336 lumboosas3
678 2278 706 2322 et
716 2287 799 2339 super
807 2271 897 2323 inimi-

98 2338 141 2388 cis
156 2338 310 2402 scripturae
322 2335 403 2389 hosius
416 2340 604 2390 tabescebam.
638 2339 754 2400 Quando
766 2335 897 2388 recorda·

97 2404 153 2455 bor
166 2404 259 2454 onmia
270 2402 377 2465 dierum
385 2406 496 2456 illosum
506 2405 684 2457 leiiatoruml
701 2404 757 2456 Sed
766 2416 817 2454 nec
828 2401 897 2451 obli-

97 2475 145 2520 tus
154 2483 225 2532 som,
232 2483 284 2520 nec
291 2467 382 2520 'silebo
392 2470 499 2538 flagelli
507 2474 549 2524 tui
558 2473 745 2536 asperitatem,
754 2475 782 2518 et
791 2466 897 2518 naiserl-

100 2536 215 2587 cordiae
223 2540 288 2586 tuae
296 2537 450 2589 mirabilem
459 2527 639 2589 celeritatem.
657 2537 764 2585 Dolore
775 2533 898 2583 dentium
987 2591 991 2602 .

99 2609 167 2654 tunc
180 2602 359 2654 excruciabas
372 2618 429 2669 me;
448 2612 478 2656 et
491 2620 551 2656 com
563 2605 593 2654 in
605 2608 712 2654 tantum
723 2603 897 2664 ingravesce-

98 2675 154 2732 ret,
162 2673 194 2719 ut
203 2679 258 2721 non
267 2670 387 2722 valerem
397 2671 485 2738 loqui,
493 2669 637 2736 adscendit
646 2671 675 2720 ia
685 2678 734 2717 cor
743 2677 843 2728 meum,
852 2663 897 2715 ad·
