2050 2925
656 2 663 37 l

204 142 743 217 CONFESSIONUMLIBERW.
841 144 875 197 tc
935 136 939 141 ¹

69 246 285 299 convalesceret
298 248 388 314 prius,
409 258 538 314 essetque
549 232 671 305 idoneus
685 247 789 299 viribus
802 247 876 298 vale·

67 315 192 377 tudinis,
206 329 267 367 cunr
283 328 338 381 quo
353 328 437 381 agere
450 328 576 381 possem,
590 315 666 380 quod
675 316 783 365 vellem.
819 314 877 365 Sed

67 384 120 433 ille
135 380 268 460 abreptus
279 381 435 431 dementiae
446 396 539 444 meae,
558 391 590 432 ut
599 381 671 448 apud
678 388 707 431 te
718 386 877 431 sersarctru

70 448 264 500 consolationi
276 462 368 510 meae,
381 454 448 513 post
459 461 565 514 paucos
580 448 640 499 dies
653 463 698 498 me
709 448 823 514 absente
833 451 885 499 re?
903 452 908 455 '

68 517 178 583 petitur·
197 513 322 565 febribus
342 522 371 565 et
385 514 554 583 defungitur.
590 514 652 576 Quo
665 514 766 584 dolore
782 520 875 564 conte·

70 582 222 634 uebratum
241 588 285 632 est
302 596 351 631 cor
364 595 468 646 meum3
486 588 516 633 et
529 582 663 648 quidquid
677 578 876 647 adspiciebam,

70 664 148 709 mors
167 655 237 699 erat.
271 648 307 698 Et
318 655 377 699 erat
386 646 454 700 mihi
463 650 554 717 patria
563 649 737 715 supplicium,
749 654 777 697 et
786 654 877 714 pater·

71 730 109 767 ua·
118 716 219 766 domus
230 715 297 765 mira
308 714 472 778 infelicitas3
489 715 660 782 etquidquid
670 730 733 767 cum
741 714 792 767 illo
803 728 878 764 conr·

70 783 287 844 manicaverarn,
299 783 358 833 sine
368 782 419 833 illo
429 783 458 833 in
469 784 620 833 cruciatum
631 783 778 833 immanem
788 787 877 832 verte·

71 856 125 901 rat.
161 848 343 913 Expetebaut,
350 864 412 899 eum
422 850 545 917 undique
555 849 630 899 oculi
639 851 707 913 mei,
723 856 753 901 et
763 863 819 900 non
829 848 876 899 da·

70 916 156 967 batur
175 914 255 979 mihi3
278 926 307 965 et
326 912 438 966 oderaiu
456 917 562 976 omnia,
583 916 722 982 quianon
741 915 877 966 baberent

72 997 153 1045 eum;
177 996 229 1033 nec
249 981 316 1031 mihi
335 983 390 1032 iam
410 983 503 1035 dicere
521 989 665 1049 poterant:
687 996 753 1032 ecce
772 983 876 1042 veniet,

72 1051 149 1101 sicut
159 1064 221 1099 eum
231 1049 344 1112 vireret,
355 1046 465 1115 quande
477 1050 578 1101 absens
590 1055 658 1099 erat.
688 1045 792 1099 Factus
802 1062 877 1104 eram

70 1118 143 1182 ipse
149 1112 220 1166 mihi
231 1130 332 1182 magna
346 1116 488 1183 quaestio,
504 1122 533 1165 et
541 1115 749 1181 interrogabam
759 1114 878 1164 animani

71 1197 182 1245 ursam,
196 1196 279 1247 qnare
294 1184 387 1235 tristis
398 1188 491 1244 esset,
503 1188 533 1233 et
546 1196 630 1248 quare
645 1182 824 1232 conturbaret
832 1194 877 1233 me

70 1248 171 1311 valde3
190 1256 219 1299 et
228 1248 297 1300 nibil
307 1258 423 1299 noverat
432 1250 602 1315 respondere
612 1247 688 1298 nuto.
722 1249 793 1299 Etsi
803 1249 885 1300 dioe÷

69 1317 151 1368 bam:
172 1330 252 1381 spera
265 1317 294 1366 in
302 1315 406 1377 Deum,
418 1315 490 1366 iuste
504 1332 561 1367 nou
571 1315 792 1383 obtemperabat,
811 1318 877 1383 quia

72 1384 246 1439 verior‘erat
260 1390 289 1433 et
302 1382 404 1433 melior
418 1381 514 1445 horno,
530 1398 611 1449 quem
626 1384 800 1436 carissimum
809 1384 877 1433 ami-⁴

74 1455 168 1512 serat,
184 1466 264 1516 quarn
277 1448 451 1516 phantasma,
466 1450 494 1501 in
508 1450 583 1516 quod
596 1465 709 1518 sperare
717 1450 876 1502 iubebatur.-

75 1518 162 1569 Solus
177 1517 261 1568 lletus
274 1517 436 1587 eratdulcis
450 1517 533 1580 mihi,
551 1525 580 1570 ct
594 1524 771 1569 successerat
785 1519 876 1568 arnico
973 1532 977 1538 ·

70 1599 136 1636 meo
152 1585 182 1634 in
194 1585 303 1650 deliciis
317 1585 401 1642 animi
414 1585 479 1637 mei.
596 1602 599 1607 ·
794 1602 796 1607 ·
870 1609 877 1619 ·

125 1651 163 1702 C..
171 1650 205 1702 V.
240 1651 275 1702 Et
285 1668 369 1714 nunc,
383 1652 519 1714 Domine,
530 1653 584 1702 iam
594 1651 645 1701 illa
653 1651 837 1710 transierunt,
848 1661 877 1702 et

71 1717 482 1783 temporalenitumost-rulnus
493 1735 595 1770 nreum.
613 1717 768 1768 Possumne
779 1717 876 1768 audire
907 1736 910 1742 ·

71 1785 177 1847 abste,
192 1786 240 1851 qui
248 1786 351 1836 veritas
362 1799 392 1850 es
398 1822 405 1847 ,
417 1792 446 1836 et
455 1785 603 1837 admovere
613 1799 707 1834 aurem
717 1783 810 1834 cordis
820 1785 876 1835 mei
932 1799 935 1806 ¹

73 1852 117 1902 ori
131 1857 196 1914 tuo,
211 1860 242 1902 ut
255 1852 331 1905 dicas
346 1851 426 1915 mihi,
442 1868 491 1904 cur
504 1851 587 1903 iletrrs
601 1851 691 1903 dulcis
701 1851 739 1901 sit
747 1851 875 1902 miseriei

71 1919 170 1980 Autu,
186 1919 309 1984 quamvis
318 1919 420 1985 ubique
431 1920 520 1982 adsis,
528 1919 613 1986 longe
623 1917 753 1969 abiecisti
761 1932 778 1968 a
787 1923 815 1968 te
824 1919 873 1969 mi-

72 1985 177 2040 seriam
191 1984 329 2036 nostraml
348 1986 383 2035 Et
391 1991 422 2037 tu
431 1988 497 2038 inte
506 2001 610 2048 manes,
621 2000 673 2037 nos
687 1991 779 2036 autem
788 1986 873 2041 inex:

70 2053 238 2117 perimentis
250 2053 395 2104 volvimur.
429 2053 465 2104 Et
478 2060 583 2116 tamen,
597 2053 652 2106 nisi
666 2053 701 2104 ad
715 2068 796 2105 aures
809 2060 872 2104 tuas

70 2118 256 2184 ploraremus,
267 2115 335 2170 nihil
345 2119 451 2170 residui
461 2119 494 2170 de
505 2125 554 2186 spe
564 2127 662 2171 nostra
670 2121 758 2172 lieret.
793 2121 872 2172 Unde
940 2172 944 2181 „

70 2185 161 2252 igitur
177 2187 271 2237 suavis
287 2185 396 2237 fructus
411 2187 445 2238 de
459 2188 642 2238 amaritudine
654 2189 728 2239 vitae
742 2189 873 2254 carpitur,

70 2266 185 2367 {emere
197 2251 303 2304 cillere
315 2259 343 2304 et
356 2255 495 2320 suspirare
507 2261 535 2305 et
548 2255 697 2320 conquerit
713 2257 755 2314 An
767 2254 821 2305 boc
833 2255 873 2304 ibi

89 2319 153 2370 uice
164 2326 221 2382 est,
232 2320 306 2385 quod
316 2335 457 2386 speramus
468 2321 599 2372 exaudire
608 2321 654 2372 tel
664 2322 749 2373 Recte
759 2321 835 2375 istud
844 2322 872 2369 in

69 2385 211 2451 precibus,
223 2387 287 2452 quia
296 2388 463 2438 desiderium
473 2382 651 2454 perveniendi
661 2387 771 2438 habeut
789 2387 871 2437 Num·

70 2450 292 2517 quid‘in‘dolore
303 2455 421 2505 amissae
431 2457 474 2504 rei
485 2463 514 2506 et
522 2456 611 2517 luctu,
624 2469 678 2520 quo
689 2460 754 2504 tunc
765 2452 872 2518 operie-

68 2516 138 2570 barl
147 2518 245 2586 Neque
257 2520 330 2570 enim
340 2521 483 2587 sperabam
493 2522 661 2572 reviviscere
670 2521 808 2580 illum,aut
817 2516 872 2568 hoc

67 2587 201 2649 petebam
210 2586 342 2648 lacrimis,
349 2589 398 2638 sed
408 2593 514 2639 tantum
525 2587 653 2638 dolebam
663 2592 692 2635 et
700 2584 808 2634 flebam.
819 2583 871 2633 Mi·

67 2653 719 2724 serenimeram,etamiseramgauditunmeum.
737 2648 872 2700 ductile·

103 2727 420 2778 ducentesima„
570 2753 581 2763 κ
637 2715 663 2765 D
745 2750 747 2754 ·
