2050 2925
61 162 70 171 .
160 89 162 91 ’
192 88 512 180 concessionum
528 123 652 180 uiuae
667 124 718 177 no
786 124 854 183 ‚rm

56 230 112 281 bat.
146 224 290 278 Nutrierat
301 226 388 290 tilios,
400 228 487 277 toties
501 240 551 278 eoo
560 226 729 292 parturiens,
742 228 854 293 quoties

56 311 73 347 a
90 301 119 346 te
131 294 250 353 ‚deviare
263 292 409 350 cernebat.
444 289 592 345 Postremo
611 293 705 353 nobis,
724 292 854 356 Domine,

56 360 198 423 omnibus,
212 360 278 427 quia
291 375 326 411 ex
338 373 451 413 munere
463 366 513 414 turo
524 359 592 411 einis
602 358 681 427 loqui
690 360 777 411 servio
787 356 854 421 tuin'

55 429 104 495 qui
116 435 182 478 anto
194 427 391 479 dormitionem
404 426 503 480 eimiu
511 432 540 477 te
550 426 605 479 iam
617 426 855 489 consociatipive-
873 432 876 436 ·

55 496 162 557 bamus,
169 499 302 560 percepta
308 493 400 559 gratia
407 492 537 559 baptismi
543 492 594 555 tui,
604 495 644 544 ita
654 506 748 545 curam
758 488 856 559 gessit,

56 563 137 629 quani
146 575 242 677 efronee
252 562 405 626 genuisset,
410 560 450 613 ita
458 560 582 623 servivit,
593 560 674 629 quasi
683 560 718 612 ab
729 557 856 611 omnibus

76 628 153 679 onita
174 628 270 678 nisset.

55 642 76 697 g
97 695 139 745 ·c.
152 693 191 745 Χῖ
222 691 400 760 Impendente
418 700 516 753 autem
529 692 587 757 die,
607 708 662 760 quo
682 686 717 745 ex'
734 690 786 743 hac
798 686 857 743 vite

57 763 250 823 emeritum,
262 776 342 828 quem
352 761 425 812 diem
434 767 467 813 tu
474 776 593 813 noveras
603 760 797 828 ignorantibue
807 762 856 809 u'd·

54 829 288 893 improvement
299 829 342 890 (ut
351 828 447 893 credo)
457 833 624 894 procurante
634 836 661 878 te
673 826 790 891 occultis
800 826 857 895 tuin

55 894 162 956 modio,
176 900 208 945 ut
220 908 274 961 ego
288 896 390 961 etipsa
401 894 457 945 ooli
470 900 607 945 iteremus
619 894 811 945 incumbentes
821 890 857 942 od

56 961 204 1030 quamdam
211 960 372 1026 fenestram,
380 960 454 1012 unde
463 960 562 1014 hortus
571 960 645 1012 intra
655 960 774 1023 domum,
786 972 857 1027 quae

55 1044 110 1081 uos
120 1027 252 1091 habebnt*¹
262 1028 505 1095 prospectabam,
515 1028 574 1077 illic
585 1021 658 1092 apud
669 1027 741 1077 ostia
750 1024 858 1093 Tiberi·

55 1110 105 1157 nn,
118 1094 168 1146 ubi
178 1098 280 1147 remoti
292 1110 310 1145 e
320 1095 422 1156 turbis,
435 1100 502 1161 poet
512 1092 590 1159 longi
602 1092 711 1143 itineris
725 1090 859 1152 laborem,

55 1161 281 1213 instaurabamus
288 1176 339 1213 nco
346 1160 527 1226 navigdtioni.
547 1157 858 1224 colloquebamur-ergo

57 1228 116 1279 noli
127 1228 208 1280 valde
219 1228 351 1289 dulciter,
363 1233 394 1277 et
402 1227 555 1292 praeterita
568 1225 776 1287 obliviscentes,
786 1224 815 1274 in
826 1237 861 1274 ea

58 1309 131 1362 qnae
144 1300 208 1347 aute
221 1300 286 1345 eunt
299 1292 417 1355 extenti,
432 1294 631 1361 quaerebamus
641 1291 775 1343 internos
786 1289 859 1356 apud

57 1367 234 1429 praesentem
243 1362 397 1423 veritatem,
406 1360 481 1427 quod
489 1366 521 1411 tu
531 1374 570 1422 es,
582 1358 671 1427 quadie
682 1356 775 1411 futura
783 1362 861 1408 ercet

57 1428 118 1482 vite
129 1433 244 1480 aeterna
256 1434 427 1491 sanctorum,
441 1442 523 1496 qoem
535 1441 587 1478 nec
601 1426 699 1478 oculus
707 1424 794 1488 -vidit,
807 1438 860 1476 nec

59 1497 136 1546 auris
147 1495 263 1557 audivit,
273 1509 325 1546 nec
334 1496 363 1546 in
373 1509 423 1547 cor
432 1493 552 1546 hominis
563 1493 717 1545 adscendit.
752 1489 809 1544 Sed
820 1491 860 1542 in·

57 1561 204 1612 hiabamue
223 1575 275 1612 ore
291 1560 384 1612 cordio
400 1562 430 1611 in
447 1575 567 1626 superna
584 1557 689 1624 fluente
706 1556 793 1610 fontis
808 1557 861 1619 tui,
888 1599 890 1604 ,

57 1627 149 1680 fontis
159 1627 243 1688 uitae,
253 1628 301 1693 qui
310 1633 354 1679 eet
363 1627 436 1694 apud
444 1632 484 1689 te,
494 1633 525 1677 ut
534 1625 598 1678 iude
608 1640 658 1693 pro
670 1631 752 1692 captu
761 1629 860 1674 nostro
894 1627 899 1630 ⁴

58 1693 191 1759 adoperti
217 1693 435 1759 quoquomodo
456 1706 517 1744 rem
537 1699 642 1744 tantam
663 1692 860 1759 cogitaremus.

59 1764 185 1826 Cumque
196 1759 231 1810 ad
241 1772 303 1809 eum
311 1758 395 1810 tinem
403 1773 494 1810 nermo
504 1759 716 1826 perduceretur,
726 1763 757 1809 ut
767 1769 861 1808 carna·

58 1830 129 1888 lium
144 1841 275 1877 sensuum
287 1823 438 1877 delectatio
452 1825 637 1892 quantalibet,
649 1828 679 1878 in
689 1823 862 1892 quantalibet

59 1897 124 1947 luce
135 1907 284 1960 corporea,
293 1906 360 1958 prae
370 1890 447 1943 illiue
456 1892 531 1949 vitae
538 1891 713 1946 iocunditate
723 1905 779 1942 non
789 1905 863 1940 eom·

58 1960 218 2030 paratione,
228 1958 278 2011 red
287 1973 323 2010 ne
334 1959 597 2011 commemoratione
626 1957 720 2011 uidem
729 1956 814 2038 dignu
823 1957 863 2008 vi·

59 2026 588 2094 deretumerigentennoeardentiorea
619 2025 862 2092 ectuinid1psum‚

79 2094 310 2147 erambularimoe
337 2094 476 2162 gradatim
503 2098 604 2144 cuncta
631 2092 803 2158 corporalia,
834 2097 863 2142 et
913 2119 915 2124 ·

59 2160 276 2230 rpoumeoelum,
284 2159 444 2212 undosolet
452 2161 518 2212 luna
528 2166 556 2211 et
566 2159 665 2210 atellae
675 2159 769 2210 lucent
779 2171 863 2226 super

59 2237 173 2280 terrena
206 2227 244 2278 Et
257 2225 348 2278 adhue
360 2223 596 2280 adscendebamus
610 2227 726 2278 interius
738 2227 862 2292 cogitan-
877 2276 879 2280 ,
905 2269 908 2274 ,

61 2297 97 2348 do
111 2301 142 2346 et
150 2293 304 2362 loquendo,
318 2301 347 2344 et
355 2294 480 2345 ndrando
492 2309 508 2344 o
530 2307 578 2344 era
587 2299 648 2357 tua,
662 2300 690 2346 et
699 2293 823 2345 venimus
833 2289 863 2338 in

58 2368 167 2424 mente·
180 2366 304 2422 uorum,
318 2367 347 2410 et
369 2366 497 2412 traneoen
518 2360 588 2410 imus
610 2375 671 2424 eae,
692 2367 724 2412 ut
741 2359 867 2421 adtinge-

58 2445 153 2482 remur
165 2427 311 2495 regionem
331 2427 467 2478 ubertatis
489 2426 687 2490 indeficientis,
713 2425 762 2476 ubi
774 2421 867 2489 paucio

59 2488 866 2560 luraeliuaeternumveritatiepabrdo‚etubivitaeapien-

60 2565 105 2615 tia
115 2567 169 2623 est,
180 2575 230 2626 per
239 2575 321 2626 quam
330 2559 398 2612 dunt
408 2560 502 2612 omnia
510 2560 574 2621 iota,
585 2566 613 2611 et
643 2555 867 2614 cecineruntet
901 2570 906 2574 ·

62 2643 139 2699 quae
152 2625 248 2678 futura
259 2633 335 2692 uunt3
354 2633 382 2679 et
392 2628 457 2696 ipsa
467 2640 525 2678 non
536 2626 581 2689 iit,
594 2575 645 2676 ced
657 2623 698 2675 oie
712 2617 866 2682 estotiuit,
906 2640 908 2646 ¹
