2050 2925
154 105 162 115 ‘
205 140 524 206 compassionum
540 142 663 197 arnna
679 144 714 196 x.
803 144 859 209 ru

60 242 186 309 elapsum
199 249 245 294 est
255 244 361 306 animo,
378 245 469 310 ipsam
482 244 644 295 memoriam
655 250 787 297 vocantes
800 247 858 319 ani-

58 326 142 364 mum.
178 308 245 361 Cum
255 324 322 377 ergo
333 313 374 360 ita
383 312 431 373 sit,
445 311 511 377 quid
523 310 642 373 esther,
655 311 729 377 qnod
740 326 801 363 cum
810 313 857 363 tri-

59 378 165 443 stitiam
173 391 262 427 meam
271 377 451 442 praeteritam
460 378 550 428 laetus
560 378 673 429 memini
677 398 687 440 p
695 378 800 429 aninrus
810 376 857 429 ha·

56 444 107 498 bet
124 443 272 505 laetitiam,
291 449 320 493 et
331 444 467 495 memoria
480 445 636 505 tristitiam,
655 443 802 510 laetusque
816 451 859 497 est

59 510 167 561 animus
175 524 210 561 ex
220 524 264 571 eo,
274 510 348 577 quod
357 513 432 563 inest
440 512 468 561 ei
477 510 595 573 laetitia,
604 512 737 563 memoria
746 525 812 562 vero
824 526 859 563 ex

60 592 105 639 eo,
115 576 192 643 quod
200 577 275 627 inest
284 578 311 627 ei
320 577 447 638 tristitia,
460 578 551 629 tristis
561 592 616 629 non
627 577 685 632 esti
701 577 773 631 Num
784 576 859 629 forte
915 592 927 605 ³

59 658 116 695 nou
125 643 247 709 pertinet
257 642 291 693 ad
303 637 436 694 animumi
454 643 523 704 Quis
533 643 586 695 hoe
597 644 714 699 dixeriti
723 644 860 697 Nimirum

61 724 130 777 ergo
136 710 271 760 memoria
280 710 360 776 quasi
366 716 463 761 venter
471 717 516 762 est
523 712 616 775 animi,
624 712 733 763 laetitia
741 727 808 764 vero
820 719 859 763 at·

59 791 114 844 que
128 776 245 827 tristitia
258 776 339 842 quasi
351 776 429 827 cibus
444 777 533 829 dulcis
548 784 576 831 et
588 792 711 842 amarus3
730 795 792 831 cunr
803 793 859 830 me·
882 826 884 833 ,
955 822 958 828 .

58 843 166 895 moriae
186 843 425 906 commendantur,
443 845 525 909 quasi
541 849 660 901 traiecta
678 849 708 899 iu
726 853 860 909 ventrem,
910 902 917 909 ,

57 908 176 962 recondi
188 909 248 960 illic
260 916 390 975 possunt,
409 925 508 977 sapere
522 925 578 965 non
590 919 715 978 possunt.
749 914 860 965 Ridicu-

58 978 168 1029 lumest
178 974 248 1027 hacc
256 977 313 1028 illis
323 977 426 1029 similia
433 985 541 1044 putare,
549 992 600 1028 nec
609 984 702 1031 tamen
712 986 776 1031 suut
785 980 861 1031 omni

58 1045 146 1097 modo
157 1043 311 1096 dissimilia.
330 1044 387 1095 Sed
396 1058 463 1094 ecce
473 1044 508 1093 de
518 1047 652 1095 memoria
660 1044 773 1112 profero
779 1080 793 1115 ,¹
799 1060 862 1097 cunr
879 1055 881 1065 ·

61 1110 126 1161 dico
134 1116 254 1189 quatuor
259 1124 323 1161 esse
329 1110 553 1175 perturbationes
563 1112 660 1161 animi:
672 1112 862 1177 cupiditatem,

5 1192 14 1197 ·
59 1179 213 1239 laetitiam,
223 1184 339 1239 metum,
349 1176 505 1240 tristitiam
524 1182 553 1229 et
562 1177 694 1244 quidquid
709 1178 743 1229 de
753 1176 796 1231 his
807 1178 871 1229 dis-'

59 1252 160 1312 putare
178 1249 310 1309 potuero,
330 1243 478 1295 dividendo
494 1245 607 1311 singula
627 1258 678 1310 per
693 1246 801 1325 species
818 1247 863 1297 sui

60 1313 196 1379 ciuesque
208 1311 334 1377 generis,
348 1317 377 1362 ct
390 1310 559 1375 deliniendo,
573 1311 613 1363 ibi
623 1312 734 1381 invenio
745 1313 811 1379 quid
821 1313 861 1365 di-

61 1394 138 1440 cam,
152 1383 235 1444 atque
247 1378 312 1429 inde
324 1377 451 1445 profero,
464 1394 516 1431 nec
528 1385 621 1431 tamur
629 1380 688 1431 ulla
697 1395 791 1431 aarum
801 1394 862 1447 per·

60 1446 221 1498 turbatione
231 1446 387 1513 perturbor,
398 1462 459 1498 cum
469 1460 518 1498 eas
527 1446 732 1500 reminiscendo
744 1461 862 1500 comme·

59 1527 153 1573 moro,
160 1520 189 1564 et
199 1521 262 1563 ante
273 1528 354 1579 quam
363 1513 555 1570 recolerentur
564 1529 629 1564 arne
640 1520 669 1565 et
678 1520 862 1566 retractaren-

58 1587 120 1640 tur,
133 1577 174 1629 ibi
183 1585 273 1642 erant;
291 1595 341 1645 pro
361 1586 440 1640 terea
447 1579 513 1629 inde
523 1595 572 1646 per
581 1579 804 1632 recordationem
813 1595 862 1647 po·

56 1655 143 1697 tuere
163 1643 180 1692 d
216 1645 296 1696 romi.
354 1652 415 1696 orte
434 1659 517 1711 ergo,
535 1646 609 1698 sicut
627 1645 770 1698 daventre
784 1647 862 1698 cibus
882 1680 885 1690 η

57 1710 191 1764 rumiuan
211 1726 243 1773 o,
262 1712 303 1762 sic
322 1711 377 1762 ista
389 1713 423 1763 de
436 1712 571 1764 memoria
582 1711 755 1764 recordando
769 1710 862 1778 proie-

57 1783 171 1831 runtur.
207 1778 263 1829 Cur
275 1778 360 1845 igitur
373 1777 403 1828 in
416 1792 466 1828 ore
479 1779 662 1846 cogitationis
674 1793 730 1830 non
742 1781 863 1832 sentitur

58 1861 80 1897 a
89 1845 258 1912 disputante,
268 1843 323 1897 hoc
332 1846 625 1909 eseareminiscente,
634 1846 758 1906 lactitiae
768 1847 861 1900 dulce·

60 1913 99 1965 do
109 1913 155 1964 rel
163 1913 318 1966 amaritudo
328 1912 501 1966 moestitiaei
509 1913 551 1964 rin
559 1914 589 1965 in
598 1911 652 1964 hoc
662 1913 796 1966 dissimile
808 1921 860 1978 est,

60 1979 139 2046 quod
151 1995 207 2032 nou
219 1979 338 2048 undique
348 1980 440 2032 simile
450 1979 509 2030 esti
527 1980 596 2042 Quis
604 1984 677 2034 enim
685 1981 859 2042 tulievolens

57 2045 233 2112 loqueretur,
239 2050 266 2100 si
271 2049 381 2116 quoties
387 2047 530 2100 tristitiam
536 2055 672 2100 metumve
678 2051 860 2112 nominamus,

58 2113 147 2164 toties
160 2126 287 2167 moerere
296 2115 343 2167 vel
351 2116 450 2166 timere
460 2116 641 2182 cogeremuri
657 2116 794 2170 littamen
803 2133 859 2170 non

61 2193 98 2230 ea
109 2178 299 2247 loqueremur,
317 2184 373 2234 nisi
384 2185 414 2234 in
427 2184 562 2242 memoria
574 2181 672 2237 nostr'a
683 2198 740 2236 non
751 2191 860 2238 tuntum

60 2250 296 2301 sonosnominum
305 2251 455 2302 secundum
464 2251 602 2318 imagines
612 2253 761 2318 impressas
771 2267 789 2302 a
798 2265 859 2302 sen·

60 2312 138 2364 sibus
149 2317 286 2382 corporis,
295 2316 345 2367 sed
355 2317 439 2368 etiam
449 2331 540 2368 rerum
548 2320 669 2385 ipsarum
680 2321 809 2370 notiones
819 2317 859 2368 in·

61 2380 228 2461 periremus,
236 2383 743 2463 quasnullaianuacaruirnaceepimus,
754 2381 858 2432 sedeas

59 2457 293 2567 diffidi}
301 2455 859 2584 iiliitiiiitittiinititttii

60 2596 117 2632 non
127 2583 320 2634 commendata
328 2574 454 2637 retinuit.
723 2641 724 2644 Ἴ

111 2649 143 2700 C.
155 2646 217 2700 XV.
251 2648 308 2702 Sed
326 2656 417 2702 utrum
434 2662 484 2716 per
495 2650 643 2715 imagines,
662 2660 697 2696 an
710 2656 778 2704 non,
797 2644 858 2709 quis

94 2723 228 2766 Auuusr.
243 2725 388 2776 contras.
621 2712 653 2763 Μ
