2050 2925
214 123 766 227 concussionunura'aaib„
846 160 884 212 aa

38 250 44 267 ³
133 258 164 311 C.
179 248 214 310 X.
249 254 323 309 Deus
336 258 465 309 uirtutum
479 266 602 309 converte
615 263 675 321 not,
692 258 892 328 etottendefcn

79 324 149 377 ciem
159 333 243 387 tuarn,
255 324 358 375 stratui
366 324 470 376 mmai.
492 325 549 388 (Ps.
562 326 604 388 8⁰,
614 326 652 388 4.)
682 324 752 377 Nam
762 341 885 394 quoquu-

76 407 192 443 vcrsum
204 406 235 443 sc.
245 392 363 442 vcrtcrit
373 393 464 442 anima
474 390 602 454 bominis,
614 393 648 443 ad
659 391 771 443 dolores
782 394 885 460 figitur,

78 459 150 510 alibi
169 465 364 527 praeterquam
382 459 410 509 in
428 465 467 509 tc:
485 460 598 509 tametsi
612 460 708 525 figitur
720 460 749 510 in
762 456 885 525 pulchris

80 534 163 579 extra
177 532 206 577 tc
221 531 250 576 et
265 524 344 577 cx'tra
357 540 397 577 se.
433 526 511 586 Quae
521 532 613 576 tamcn
624 526 701 576 nulla
711 532 818 588 csscnt,
831 527 886 576 nisi

79 600 178 643 essent
192 592 241 643 abs
255 598 297 655 te,
313 606 383 657 qnae
394 593 522 645 oriuntur
531 598 560 643 et
570 591 713 655 occidunt,
729 600 758 643 et
769 593 884 644 oriendo

79 660 163 725 qnasi
178 659 400 725 csseincipiunt,
416 665 444 710 ct
459 665 590 711 crescunt
604 665 635 709 ut
647 660 840 725 perficiantur,
856 666 886 709 ct

77 724 209 793 perfecta
220 731 369 776 senescunt
378 731 407 775 et
415 726 565 778 intereunt.
591 725 629 776 Et
637 741 692 777 nnn
704 728 797 777 omnia
806 739 885 777 senc·

80 797 165 843 scunt
185 798 215 842 ct
239 792 332 843 omnia
354 793 503 845 intereunt.
538 793 615 859 Ergo
634 800 696 843 cuni
716 794 842 844 oriuntur
856 799 886 843 ct

78 859 201 909 tendunt
218 872 294 921 ssse3
314 872 369 925 quo
385 860 474 925 magis
489 860 620 910 celeriter
633 867 761 911 crescunt
772 866 805 910 ut
818 860 884 921 sint,

81 940 117 977 co
125 926 217 993 magis
227 924 362 978 festinant
370 931 402 976 ut
410 941 465 976 nun
475 927 539 977 sint.
559 925 767 977 Siccstmodus
778 940 883 977 eurum.

80 994 203 1043 'l'antum
213 990 313 1045 dedisti
326 992 377 1054 cis,
386 992 450 1059 quia
459 998 553 1059 partes
564 998 628 1042 sunt
637 1006 738 1054 rerum,
747 1006 817 1058 quac
827 1007 883 1042 non

80 1066 147 1110 sunt
170 1073 266 1109 omnes
288 1058 383 1121 aimuh
405 1058 456 1109 scd
474 1058 637 1108 decedendo
656 1073 689 1108 ac
707 1058 883 1109 succedendo

81 1130 171 1192 agunt
181 1138 276 1176 omncs
285 1126 454 1185 universum,
463 1125 645 1189 cuius-partes
656 1130 728 1176 sunt.
759 1124 833 1175 Ecce
843 1125 884 1174 sic

79 1193 229 1259 peragitur
237 1197 272 1241 ct
285 1206 377 1243 smnio
391 1196 489 1242 noster
497 1205 549 1257 per
558 1192 640 1257 signa
648 1191 786 1242 sonantia.
822 1188 884 1242 Non

81 1260 158 1310 enim
170 1259 224 1309 erit
233 1264 428 1321 tutusscrmo,
441 1258 466 1308 si
475 1256 559 1308 unum
566 1258 682 1313 ¹vcrbum
691 1274 748 1309 non
757 1258 884 1319 decedat,

80 1340 147 1396 cunm
155 1326 281 1376 sonuerit
289 1331 382 1391 partes
393 1339 467 1386 suas,
477 1328 509 1375 ut
518 1326 651 1375 succedat
661 1325 745 1377 aiind.
777 1325 886 1376 Laudet

79 1399 111 1444 tc
123 1407 159 1443 cx
169 1392 227 1442 iliis
240 1392 330 1442 anima
338 1406 409 1453 mca,
419 1391 496 1443 Delus
507 1399 618 1443 creator
628 1394 758 1455 omnium,
769 1393 819 1443 sed
828 1406 884 1442 non

79 1461 112 1511 in
133 1460 175 1510 cis
188 1458 320 1528 infigatur
333 1458 441 1526 glutine
455 1460 558 1510 amoris
571 1473 622 1525 per
635 1475 734 1512 sensus
749 1458 884 1526 corporis.

79 1527 159 1577 Eunt
175 1525 260 1589 enim,
281 1541 334 1593 quo
352 1526 442 1590 ibant,
460 1532 562 1577 utnon
576 1527 645 1587 sint,
660 1535 689 1576 ct
703 1527 887 1576 conscindunt

81 1609 146 1645 cam
155 1593 303 1644 desideriis
310 1594 524 1660 pestilentiosis3
535 1593 665 1660 quoniam
674 1593 737 1658 ipsa
746 1605 809 1641 csse
818 1591 886 1652 vult,

81 1666 114 1712 ct
121 1661 301 1726 requiescere
312 1666 386 1710 amat
395 1661 423 1710 in
434 1661 475 1711 ais
486 1673 557 1726 quac
567 1666 650 1708 amat.
684 1657 783 1708 inillis
794 1663 886 1706 autem

80 1732 209 1790 nonest,
223 1727 283 1776 ubi:
301 1727 432 1792 quianon
442 1731 530 1786 stant,
545 1723 670 1791 fugiunt3
690 1723 789 1789 etquis
800 1737 885 1774 case·

81 1795 180 1861 quitur
198 1807 282 1844 sensu
296 1793 400 1856 carnis,
418 1798 466 1844 aut
476 1792 541 1859 ‘cluis
552 1805 586 1842 ea
599 1789 822 1857 comprehendit,
840 1788 887 1858 vcl

81 1876 147 1912 curm
164 1865 277 1926 praesto
295 1859 375 1910 santi
392 1859 501 1910 Tardus
521 1865 565 1910 est
582 1857 656 1908 enim
671 1871 770 1910 sensus
785 1856 885 1920 carnis,

101 1927 217 1990 uoniam
232 1941 330 1978 sensus
344 1925 435 1977 carnis
452 1932 507 1989 esu
527 1932 556 1976 ct
567 1925 628 1992 ipsc
643 1931 688 1976 cst
700 1924 800 1976 modus
815 1924 884 1975 eius.

81 1943 194 2047 gufficit
207 1993 243 2045 ad
258 1993 347 2056 aliud,
362 1994 396 2045 ad
406 1993 480 2060 quud
491 1993 583 2060 factus
594 1998 648 2056 cst3
667 1992 702 2042 ad
711 1991 782 2043 illud
792 1997 884 2042 autem

80 2075 140 2112 non
151 2060 266 2122 sufficit,
281 2065 313 2110 ut
323 2067 417 2112 teneat
424 2058 645 2112 transcurrentia
654 2060 689 2110 ab
698 2059 778 2111 initio
790 2059 884 2110 dcbitn

80 2139 173 2194 usquc
193 2127 229 2178 ad
248 2127 329 2178 tinem
350 2127 481 2179 debitum.
500 2128 547 2179 ,ln
566 2127 651 2177 verbo
665 2129 738 2178 enim
753 2132 815 2190 tuo,
834 2139 886 2193 per

82 2192 161 2261 quod
175 2199 317 2256 creantur,
331 2195 372 2245 ibi
386 2194 511 2246 audiunt:
530 2193 594 2245 binc
608 2201 637 2245 ct
650 2191 802 2260 hucusque.

136 2260 166 2310 G.
181 2259 230 2311 Xi.
250 2259 316 2311 Ncii
329 2275 390 2312 csse
401 2275 480 2324 vana,
491 2262 582 2312 anima
588 2276 659 2323 mea,
666 2268 694 2312 ct
703 2260 883 2312 obsurdesce·
933 2264 937 2270 “

81 2341 115 2379 rc
124 2328 154 2376 in
163 2340 230 2377 aure
241 2327 334 2378 cordis
344 2327 463 2378 tumultu
472 2329 604 2379 vanitatis
611 2329 684 2379 tuac.
720 2327 791 2377 Audi
802 2332 831 2374 et
840 2331 881 2374 tu.

79 2391 207 2444 Verbum
221 2395 313 2460 ipsum
324 2394 438 2456 clamat,
454 2394 608 2457 utredeas,
628 2395 712 2454 ctibi
725 2399 775 2443 cst
788 2392 882 2440 locus

81 2461 209 2526 quictis
229 2461 533 2525 imperturbabilis,
555 2462 611 2512 ubi
630 2477 693 2511 non
710 2457 882 2511 descritur

80 2541 184 2589 amor,
202 2527 231 2577 si
244 2527 318 2592 ipse
332 2543 393 2578 non
408 2528 548 2580 deserat.
585 2527 660 2577 Iiccc
670 2527 718 2576 illa
727 2522 882 2583 discedunt,

81 2593 185 2643 utalia
200 2592 363 2656 succedant,
379 2600 407 2645 ct
421 2594 548 2644 omnibus
562 2594 619 2644 suis
634 2591 758 2659 partibus
774 2595 884 2638 constet

81 2659 179 2710 intima
198 2660 374 2713 universitas.
409 2659 548 2726 Numquid
568 2673 621 2726 ego
642 2657 734 2721 aliquo
750 2652 883 2706 discedot
