2050 2925
130 450 132 455 ⁴
209 451 751 634 rannus-rto
818 443 821 448 '

76 864 197 981 Quum
220 886 356 955 Carolus
375 886 577 951 Christianus
594 886 820 965 Tauchnitins,
843 890 878 947 in

72 972 237 1035 literarum
263 972 445 1035 divinarum
472 970 746 1056 humanarumque
764 970 879 1033 studiis

75 1055 416 1137 adiuvandisvestigia
428 1056 529 1137 patris
540 1053 880 1136 persecutns,editioni

76 1139 249 1222 Augustini
268 1137 308 1199 de
327 1134 536 1199 civitatensi
552 1134 707 1199 librorum
724 1147 805 1198 astte
816 1133 881 1200 hoe
981 1181 987 1194 r

78 1220 266 1284 decennium
275 1218 422 1305 proditae
437 1232 469 1281 et
482 1240 501 1279 a
516 1220 596 1281 viris
609 1217 709 1281 doctis
722 1215 880 1281 benevole
912 1242 916 1248 ·

7 1378 11 1385 .
78 1304 254 1388 exceptae,
280 1301 423 1366 eiusdem
449 1303 614 1385 scriptoris
633 1300 880 1365 confessionum

78 1385 251 1449 editionem
274 1386 357 1470 typis
373 1388 539 1472 perpetuis
557 1405 748 1471 expressam
763 1382 881 1445 addere

79 1472 309 1548 constituisset,
324 1491 406 1554 qnae
422 1481 455 1533 at
467 1469 594 1532 modico
607 1471 713 1553 pretio
725 1464 885 1552 parabilis

78 1565 111 1614 et
122 1555 158 1615 in
170 1550 336 1616 meliorem
347 1572 441 1616 usum
454 1551 558 1614 forma
571 1564 659 1616 esset
669 1552 798 1626 minori,
811 1550 881 1612 eius

81 1635 246 1699 curandae
261 1635 425 1718 negotium
437 1634 478 1696 ad
491 1655 543 1697 me
556 1633 679 1698 detulit.
722 1631 796 1706 Quo
809 1651 881 1692 sus·

77 1727 169 1800 cepto
193 1731 225 1780 et
246 1720 425 1780 accuratius
450 1716 670 1793 considerato,
687 1734 767 1778 mox
789 1717 881 1776 intel·

75 1799 159 1878 laxi,
172 1798 293 1863 nullam
306 1801 410 1866 adime
423 1801 593 1881 exstitisse
607 1797 880 1881 editionem‚quee

77 1885 111 1944 in
131 1895 226 1946 textu
242 1883 382 1947 curando
401 1895 435 1950 et
452 1879 669 1950 exscribendo
682 1901 792 1952 neree
810 1881 881 1947 unia

75 1986 148 2028 cum
162 1961 276 2051 posset
292 1988 366 2032 esso
380 1964 558 2051 exemplar.
598 1964 883 2054 Benedictinorum¹
914 1999 917 2006 ·

74 2050 161 2111 enim
187 2049 301 2130 editio,
328 2071 421 2134 quarn
440 2053 531 2132 sequi
546 2047 653 2112 solent
669 2051 881 2124 recentiores,

74 2151 140 2200 nou
166 2131 271 2210 solum
296 2147 347 2194 sat
370 2133 478 2216 multis
500 2133 624 2194 mendis
641 2131 881 2216 typographicis
921 2159 942 2202 ῃ

74 2210 219 2290 laborat,
244 2211 301 2276 sed
327 2224 437 2278 textus
455 2217 553 2278 etiam
570 2216 728 2298 genuinus
745 2215 798 2278 hio
813 2211 886 2274 illic¹

77 2297 270 2360 coniecturis
289 2299 470 2382 spuriisque
485 2296 595 2370 verbis
607 2297 755 2374 adiectis,
773 2299 822 2358 uti
834 2316 880 2358 ex

78 2379 165 2440 notis
193 2379 314 2445 criticis
338 2381 448 2443 videre
466 2379 559 2462 licet,
579 2392 691 2444 contra
711 2393 824 2464 aperta
841 2377 876 2440 ii·

78 2457 210 2546 brorum
223 2481 318 2524 manu
334 2467 526 2547 scriptorum
542 2466 726 2550 testimonia
742 2473 882 2529 mutatus

78 2553 140 2606 est.
182 2541 294 2627 ltaque
316 2547 362 2608 ¹ad
388 2547 493 2608 fontes
520 2548 706 2629 primarios,
732 2555 884 2626 quantum

77 2624 155 2689 fieri
171 2627 290 2708 potuit,
314 2629 508 2694 redeundum
528 2649 601 2711 esse
621 2629 748 2702 censui,
769 2635 801 2683 ot
819 2623 885 2701 pri·
