2050 2925
157 114 207 165 184
310 68 770 165 ‘subsurrauausrlur
812 115 815 123 '

80 236 84 251 ι
138 220 224 281 Χιειιο,
234 214 270 264 de
282 213 381 279 quibus
390 228 434 264 me
445 215 570 279 gavisum
583 228 644 264 esse
653 214 774 265 memini.
799 211 873 267 Nam
883 216 960 266 etde

154 280 282 347 turpibus
306 280 409 347 gaudio
426 280 545 347 quodam
557 280 685 347 perfusus
700 294 772 342 sum,
793 281 869 347 quod
881 298 959 333 nunc

153 348 305 399 recordans
315 348 532 417 detestorlatque
543 360 686 399 exsecror:
697 347 844 413 aliquando
857 349 893 399 de
905 350 959 399 bo·'
1012 404 1013 409 χ

155 417 199 467 nis
210 421 238 466 et
250 414 387 475 honestis,
398 413 472 479 quod
482 414 643 465 desiderans
656 414 762 476 recolo,
772 416 887 465 tametsi
897 414 957 466 for·
1012 412 1013 447 i

155 489 184 532 te
197 496 252 533 non
265 483 377 542 adsunt,
391 486 419 530 et
431 480 496 531 ideo
509 481 599 531 tristis
613 480 743 547 gaudium
753 481 902 546 pristinum
913 495 957 531 re-

156 549 230 599 colo.
261 548 315 599 Ubi
325 561 393 613 ergo
403 552 432 596 et
440 546 549 611 quando
561 552 690 613 expertus
701 562 761 597 sum
770 548 854 598 vitam
864 562 956 598 meam

155 614 278 677 beatam,
297 612 470 665 otrecordor
482 627 555 675 eam,
578 619 607 664 et
618 628 718 677 amern,
738 619 768 663 et
779 614 957 665 desiderem!
1012 636 1013 667 o

156 680 217 733 Nec
229 694 283 747 ego
295 685 414 740 tantum,
426 685 475 729 aut
487 695 550 730 curn
562 681 671 746 paucis,
686 680 736 731 sed
750 679 827 730 beati
839 695 955 745 prorsus
1012 678 1013 713 i

59 749 63 772 ·'
157 762 254 804 omnes
265 762 326 797 esse
337 745 470 797 volumus.
507 746 588 807 Quod
598 748 652 800 nisi
662 752 739 797 certa
748 747 848 807 notitia
858 761 955 798 nosse·
1012 766 1013 783 1

157 830 228 875 mus,
237 819 358 864 nontam
367 812 596 864 cartovoluntate
608 813 749 865 vellemus.
770 812 826 864 Sed
834 814 903 879 quid
914 820 957 863 est

120 889 123 895 “
157 880 226 943 boe,
239 879 315 945 quod
324 880 349 929 si
358 885 508 945 quaeratur
517 894 534 929 a
543 879 663 943 dnobus,
676 886 769 930 utrum
777 880 900 930 militare
909 893 955 930 ve·

127 979 130 986 ,
157 948 222 1008 lint,
236 948 297 997 beri
311 947 413 1014 possit,
425 952 457 997 ut
469 947 541 997 alter
553 961 649 997 eorum
657 947 730 997 velle
740 960 783 1009 sa,
797 946 870 997 alter
880 944 954 997 nolle

158 1014 339 1081 respondeat,
358 1013 383 1063 si
398 1020 490 1064 autem
502 1014 537 1063 ab
551 1016 592 1064 eis
605 1018 764 1078 quaeratur,
779 1020 870 1063 utrum
879 1014 955 1063 beati

160 1095 223 1132 esse
235 1080 398 1143 velint,tieri
408 1081 507 1147 possit,
517 1086 549 1143 ut
557 1086 672 1145 uterque
684 1081 776 1130 statim
787 1094 818 1129 se
828 1082 889 1131 sine
898 1080 954 1130 ulia

160 1147 334 1199 dubitatione
348 1146 423 1197 dicat
433 1153 542 1214 optare3
560 1160 611 1197 nec
621 1146 656 1197 ob
667 1146 742 1197 aliud
752 1146 819 1196 velit
827 1146 876 1197 ille
885 1146 954 1198 nili-

159 1220 233 1275 tare,
250 1228 302 1263 nec
316 1213 351 1263 ob
361 1212 436 1262 aliud
446 1214 502 1264 iste
511 1213 595 1275 nolit,
608 1214 664 1263 nisi
673 1219 703 1263 ut
711 1212 787 1263 beati
796 1214 869 1263 sinti
885 1212 954 1263 Num

158 1277 247 1340 sorte,
261 1279 390 1343 quoniam
405 1278 476 1329 alius
491 1277 567 1341 binc,
582 1280 652 1330 alius
666 1280 730 1331 indo
743 1280 858 1346 gaudet,
871 1283 912 1331 ita
924 1294 953 1329 se

82 1357 85 1367 ’
161 1341 257 1395 ornnes
269 1345 367 1393 beatos
382 1358 445 1394 esse
459 1345 532 1395 velle
548 1352 712 1408 consonant,
727 1346 955 1414 quemadmodum

85 1414 89 1427 “
162 1416 357 1473 consonarent,
372 1412 397 1461 si
407 1409 460 1461 boc
470 1412 721 1481 interrogarentur,
731 1428 762 1464 se
771 1414 845 1466 reite
855 1414 953 1480 gaude·

159 1492 203 1541 re;
211 1483 294 1544 atque
302 1479 392 1544 ipsum
399 1479 529 1545 gaudium
543 1481 740 1532 vitambeatarn
750 1482 865 1532 vocanti
876 1480 954 1540 Quod

160 1551 189 1596 et
203 1546 227 1596 si
240 1545 311 1597 alius
324 1542 400 1606 binc,
416 1545 488 1598 alius
495 1546 574 1598 illinc
584 1549 757 1614 adsequitur,
770 1563 855 1598 uuum
865 1554 907 1598 est
915 1555 953 1598 ta·

159 1626 236 1674 men,
255 1627 309 1679 quo
328 1614 473 1678 pervenire
492 1627 588 1665 omnes
607 1614 744 1676 nituntur,
763 1620 794 1664 ot
807 1613 952 1680 gaudeant.

160 1679 238 1739 Quae
252 1681 381 1746 quoniam
393 1694 439 1730 res
453 1685 516 1742 est,
529 1695 610 1747 quam
624 1689 654 1732 se
669 1686 811 1746 expertum
825 1695 880 1730 non
893 1695 952 1731 esse

159 1761 241 1796 nemo
255 1751 349 1812 potest
361 1746 478 1810 dicore,
494 1753 644 1813 propterea
656 1753 768 1812 reperta
780 1747 810 1797 in
822 1748 952 1798 menroria

158 1814 383 1878 recognoscitur,
399 1813 508 1880 quando
522 1814 621 1864 beatae
638 1814 711 1864 vitae
724 1827 826 1864 nomen
835 1815 951 1864 auditur.

211 1879 240 1928 G.
254 1879 341 1929 xxii.
375 1879 466 1942 Absit,
475 1879 607 1943 Domine,
619 1881 717 1930 absita
727 1881 812 1949 corde
821 1881 950 1941 servitui,

178 1943 207 1993 ui
217 1946 365 1996 confitetur
373 1945 437 2007 tibi,
448 1947 533 2009 absit,
544 1953 583 2008 ot,
594 1961 766 2013 quocumque
797 1947 879 1998 audio
889 1962 954 2014 gau·

158 1957 249 2071 beam3
262 2011 373 2062 beatum
383 2027 427 2062 rne
436 2019 537 2078 putem.
573 2012 623 2064 Est
637 2014 709 2064 enim
723 1962 866 2080 graffium,
880 2014 951 2079 quod

157 2076 411 2142 nondatorinipiis‚
419 2079 526 2141 aedeis,
534 2083 582 2145 qui
590 2087 618 2131 te
630 2082 717 2147 gratis
728 2081 831 2142 colunt,
839 2095 951 2147 quorum

158 2140 290 2208 gaudium
303 2147 403 2210 tuipse
414 2159 453 2195 es.
487 2145 528 2196 Et
541 2147 613 2212 ipsa
626 2154 677 2198 ost
689 2149 788 2199 beata
799 2148 868 2197 vita
882 2161 950 2213 gau·

159 2209 236 2260 dere
250 2210 289 2260 ad
303 2217 348 2273 te,
363 2211 401 2260 de
414 2219 459 2272 te,
472 2219 665 2278 propterte:
684 2215 835 2281 ipsacat,
847 2216 880 2264 et
891 2227 949 2264 non

159 2282 210 2327 est
223 2277 338 2328 altera
374 2277 429 2338 Qui
438 2284 529 2328 autern
540 2277 622 2329 aliani
632 2287 815 2346 putantasse,
829 2280 950 2330 aliudne·

158 2348 268 2394 ctantur
275 2344 415 2411 gaudium,
426 2359 515 2410 oeque
524 2345 614 2411 ipsum
624 2361 727 2402 verum.
761 2347 801 2397 Ab
812 2347 904 2412 aliqua
912 2351 950 2396 ta·
1012 2359 1013 2368 ¹

157 2423 222 2468 nien
231 2411 351 2476 imagine
362 2412 457 2478 gaudii
466 2411 594 2463 voluntas
605 2427 701 2464 eorum
710 2427 766 2464 non
776 2415 917 2464 avertitur.

210 2477 239 2527 c.
254 2477 354 2529 xxrrl.
389 2477 452 2528 Non
474 2492 542 2544 ergo
562 2486 666 2542 certum
685 2486 740 2540 est,
764 2480 838 2545 quod
858 2491 950 2530 omnes

104 2540 106 2551 '
158 2553 221 2592 esse
230 2543 306 2595 beati
315 2546 419 2606 nolunt,
432 2548 560 2610 quoniam
571 2547 617 2611 qui
627 2560 681 2598 non
693 2547 726 2596 de
737 2553 764 2596 te
775 2545 896 2612 gaudere
905 2559 951 2594 vo·

156 2604 229 2671 lunt,
244 2625 315 2677 quae
328 2612 391 2664 sola
399 2613 457 2663 vita
464 2613 547 2666 beata
557 2618 611 2676 est,
624 2628 680 2664 non
689 2614 784 2680 utique
795 2613 880 2664 vitam
888 2612 951 2664 bea·
