2050 2925
200 146 538 203 CONFESSIONUM
552 140 684 203 biduo
700 151 733 204 V.
832 152 866 203 *ll

63 249 185 302 suetudo
199 256 317 317 patrem
330 252 380 313 εἰη
399 249 452 302 boc
465 250 628 303 miseriores
643 250 866 314 commendoms,
951 238 958 248 ’

50 318 267 385 ‘quoianrquasi
277 318 482 381 liceetlcciunt,
490 318 567 385 quod
577 334 628 387 per·
637 327 713 369 tuam
724 327 873 370 ueternum.
938 372 946 380 x

62 384 425 453 legemnumquamlicebit3
437 388 581 453 etimpune
590 401 623 437 sc
632 386 872 437 iucerearbitrsm

62 458 119 513 tur,
130 466 193 501 curn
202 453 264 517 ipse
273 450 396 501 faciendi
407 454 543 504 caecitate
553 455 714 521 punientur,
725 458 754 503 et
764 452 867 503 inco'm·

63 517 694 587 parabiiiterpatianturpeiors,quamfsciunt.
711 520 869 587 Ergoqnos
896 563 899 570 ,

62 600 158 637 mores
169 600 231 637 cum
241 586 381 637 studerem
392 600 470 638 meos
481 602 544 638 esse
553 588 642 650 nolui,
652 602 703 639 eos
712 602 776 637 cum
783 586 869 637 dccc·

61 666 124 703 rem
144 652 267 721 cogebar
281 653 390 721 perpeti
405 655 529 717 ellenon
548 661 577 706 et
590 656 657 707 ideo
670 654 802 727 placebat
814 654 867 711 ire,
923 685 926 693 ·

61 719 199 772 urbitalia
217 734 273 769 non
289 721 351 770 lieri
366 736 461 772 omnes
480 723 529 789 qui
547 727 684 773 noverunt
697 720 869 773 indicabunt.
940 718 943 725 '

60 784 165 837 Verum
186 792 278 837 eutem
297 793 341 849 tu,
357 798 421 853 spes
441 802 504 839 mee
523 795 553 839 et
566 791 659 855 portio
671 802 736 839 mes
748 789 779 838 in
791 794 870 838 terra

60 852 228 916 virentium,
243 852 279 904 ad
292 855 452 907 mutandum
461 863 600 907 terrarum
610 857 703 907 locum
712 870 763 921 pro
776 854 869 905 salute

61 916 173 970 animae
192 934 284 982 mese,
304 926 333 971 et
348 921 510 989 Carthagini
524 921 665 985 stimulos,
683 923 783 989 quibus
800 921 870 971 indo

62 985 211 1050 avellerer,
219 987 395 1051 admovebas,
406 996 436 1039 et
445 990 550 1040 Romae
560 990 718 1051 illecebras,
725 987 878 1053 quibusad·

61 1052 201 1115 traherer,
213 1056 390 1119 proponebas
401 1054 469 1105 mibi
482 1055 680 1121 periscelides,
691 1055 869 1122 quidiligunt

61 1121 150 1171 vitem
160 1120 869 1185 mortuam,hincinsenafacientes,indevanepolli-

62 1188 869 1257 centespetadcorrigendosgressusmeosuteburisoccul·

61 1261 91 1304 te
103 1258 132 1303 et
141 1253 252 1305 illorsum
263 1261 292 1304 et
300 1268 363 1304 mea
372 1256 566 1320 perversitate.
584 1254 654 1307 Nem
665 1262 694 1310 et
703 1255 751 1322 qui
760 1259 869 1322 pertor-

61 1318 168 1372 babant
178 1321 265 1373 otium
275 1334 381 1383 nucum,
397 1320 482 1373 foeda
491 1324 570 1375 rabie
582 1324 660 1374 coeci
670 1328 763 1388 erant,
782 1320 869 1388 etqui

62 1386 219 1449 invitabant
234 1388 268 1442 ad
279 1387 368 1450 aliud,
383 1391 651 1457 terramsapiebsnt.
686 1390 710 1440 Il
732 1404 749 1441 o
764 1395 868 1449 cutem,
906 1433 907 1436 ,

63 1454 113 1522 qui
126 1453 288 1506 detestabar
301 1446 347 1507 lic
360 1470 455 1507 rerem
469 1459 624 1521 miseriem,
638 1405 731 1508 illici

724 1458 813 1508 nisum
826 1455 868 1506 ie·
931 1492 936 1501 s

7 1559 11 1570 .
62 1522 199 1572 licitetem
208 1522 381 1588 adpetebem.
410 1523 466 1575 Sed
476 1539 562 1590 quere
571 1523 636 1574 binc
646 1525 751 1575 obirem
760 1524 869 1574 etilluc
952 1552 959 1563 ι

61 1591 143 1651 irem,
154 1595 185 1639 tu
194 1589 313 1652 sciebas,
324 1589 416 1654 Deus3
435 1603 487 1640 nec
498 1587 642 1641 indicabas
651 1589 733 1652 mibi,
749 1605 801 1640 nce
811 1581 869 1639 me‘-

62 1657 113 1718 tri,
125 1669 196 1722 quae
204 1670 247 1706 me
258 1655 415 1723 proiectum
426 1658 563 1708 atrociter
568 1657 685 1725 planxit,
698 1664 822 1722 etusque
832 1655 869 1705 nd
953 1650 966 1672 ‘

58 1729 248 1788 ,marcsecuts
259 1730 310 1774 est.
330 1723 386 1776 Sed
396 1723 488 1774 fefelli
498 1737 560 1775 eam
569 1725 710 1774 violenter
717 1736 762 1773 me
772 1728 868 1772 tenen·

61 1795 165 1852 tem,ut
174 1795 222 1840 unt
231 1797 385 1853 revocaret
392 1797 557 1842 sutmecum
564 1789 815 1859 pergeretettinxi
822 1801 868 1838 me
883 1832 886 1839 ,

60 1859 182 1908 amicum
196 1857 271 1910 nolle
280 1856 421 1922 deserere,
431 1859 521 1910 donec
530 1863 615 1910 rento
625 1856 702 1909 lecto
711 1857 866 1922 nauigaret.

62 1925 100 1975 Et
109 1924 243 1975 mentitus
253 1939 315 1976 sum
324 1926 419 1989 matri,
432 1931 460 1976 et
469 1926 512 1976 illi
521 1926 613 1988 metri,
624 1931 654 1976 et
663 1926 753 1975 eresi:
764 1925 869 1990 quidet

62 1990 116 2042 hoe
131 1998 164 2042 tu
180 1989 312 2042 dimisisti
325 1991 393 2044 mihi
399 1993 635 2055 misericorditer,
651 2004 764 2043 serrone
776 2001 821 2042 mc
831 1987 866 2039 ab
930 2041 938 2048 ,

62 2060 144 2125 equis
153 2057 253 2121 meris,
264 2060 376 2125 plenum
386 2061 567 2112 exsecrandis
576 2059 720 2123 sordibus,
732 2072 820 2126 usque
830 2050 868 2106 dd

60 2140 160 2192 aquam
171 2127 280 2194 gratiae
290 2133 364 2190 tuae,
372 2143 426 2194 que
435 2141 480 2178 me
491 2126 586 2179 abluto
597 2128 770 2179 siccarentur
776 2125 868 2179 >deni-

59 2207 95 2243 na
113 2199 303 2244 maternorum
323 2195 480 2258 oculorum,
497 2193 598 2262 quibus
610 2209 662 2262 pro
676 2209 723 2246 me
736 2192 867 2260 quotidie

59 2259 230 2327 cibirigcbet
239 2266 343 2312 terrem
353 2261 403 2312 sub
413 2260 491 2314 vultu
500 2277 562 2314 suo.
576 2262 713 2313 Ettamen
723 2259 868 2312 recusanti

60 2327 119 2379 siue
129 2341 176 2378 me
186 2326 279 2378 redire
288 2329 335 2378 vix
345 2330 485 2396 persuasi,
500 2335 532 2380 ut
540 2330 570 2380 in
579 2329 657 2392 loco,
668 2329 716 2396 qul
723 2329 865 2396 proximus

60 2401 174 2446 nostrae
190 2395 255 2446 nuri
268 2401 330 2446 erat
342 2398 478 2448 memoris
489 2397 567 2448 beati
581 2396 727 2463 cypriani,
739 2397 867 2447 maneret

60 2468 197 2514 ennocte.
234 2460 335 2514 Sedes
344 2465 562 2516 sccteclsneulo
573 2477 627 2530 ego
637 2462 780 2531 profectus
790 2473 865 2520 sum3

58 2529 107 2580 illo
123 2537 220 2581 autem
233 2531 368 2581 remansit
381 2531 486 2583 orando
504 2537 535 2582 et
548 2529 651 2582 tiendo.
686 2526 797 2593 thuid
808 2539 825 2574 a
835 2530 866 2574 te

58 2597 186 2662 petebat,
196 2595 274 2647 Deus
284 2611 374 2660 meus,
384 2599 470 2649 tentis
480 2598 617 2658 lacrimis,
629 2596 684 2646 nisi
693 2592 865 2658 utrmrigare

57 2677 103 2716 me
111 2678 172 2718 non
182 2664 306 2716 sinercsi
316 2663 380 2716 'Sed
390 2671 421 2721 tu
431 2666 487 2717 ulte
498 2664 662 2720 considens,
672 2667 701 2710 et
711 2659 864 2711 exaudiens
