2050 2925
205 128 534 233 commissionum
554 146 680 200 LIBER
696 147 778 201 xm.
839 146 887 201 su

89 246 262 301 mutabiliter
269 260 354 315 super
363 261 444 297 omne
453 247 595 299 mutabile.
621 247 751 315 Alioquin
762 248 889 315 etipsum

89 315 199 367 eoelum
215 314 292 368 lcoeli
306 313 458 365 tenebrosa
476 315 595 379 abyssus
615 321 690 366 esset
707 316 736 365 in
755 318 890 377 se3‘nuno

90 388 183 433 autem
197 381 246 431 lux
256 379 477 432 estinllomino.
512 380 582 431 Nam
593 382 658 431 etin
667 380 840 448 ipsamlsera
849 382 890 431 in·

93 446 256 515 quietudine
265 445 445 498 defluentium
455 447 613 512 spirituum,
625 448 840 499 etindicantlum
850 453 891 497 te·

92 514 194 565 nebras
208 528 274 564 suas
282 512 400 564 nudatas
410 520 489 563 veste
498 514 609 565 luminis
619 514 674 577 tui,
689 514 772 565 satis
785 518 890 563 osten·

91 581 157 642 dis,
175 594 266 647 quarn
282 592 427 646 magnam
440 584 623 649 ereaturam
637 579 835 632 rationalem
848 577 890 628 ie,
910 576 912 580 ⁴

91 647 192 709 reris,
209 648 261 697 oui
276 646 366 697 nullo
383 646 477 698 modo
495 646 627 699 sufficit
643 647 682 698 ad
697 647 827 697 beatam
845 658 890 695 re·

92 714 200 780 quiem
218 712 376 795 quidquid
393 718 426 763 te
438 715 544 765 minus
558 719 620 777 est,
637 728 675 765 ao
686 713 745 781 p'er
758 712 819 765 lroe
831 725 890 762 neo

89 780 164 845 insa
176 780 248 830 sib1.
283 780 328 848 'l'u
337 780 419 842 enim,
429 779 506 831 Deus
517 786 624 843 noster,
635 780 805 833 illuminabis
814 784 891 830 tene-

90 847 158 897 bras
176 852 300 896 nostras:
315 859 354 897 ex
372 852 403 897 te
416 848 544 897 oriuntur
556 848 722 899 vestimenta
734 852 842 905 nostra,
863 848 891 893 et

90 910 225 962 tenebrae
238 917 354 963 nostrae
366 913 441 965 sicut
452 913 585 964 meridies
595 920 686 965 eruut,
717 913 763 963 Ba
774 910 842 962 nribi
851 915 890 973 te,

90 978 170 1029 Deus
182 992 273 1040 meus,
286 977 374 1029 redde
385 977 455 1028 mibi
466 984 510 1029 tes
525 992 561 1029 en
570 992 647 1040 arno,
659 978 723 1029 etsi
750 991 828 1027 arum
838 982 890 1037 est,

93 1058 184 1096 amem
192 1042 331 1095 validius·
355 1042 419 1094 Non
428 1056 545 1109 possum
551 1044 713 1107 metiri,uts
743 1058 795 1105 am,
805 1056 890 1108 quan-

92 1117 151 1160 tum
164 1110 238 1158 desit
250 1107 318 1158 mibi
332 1108 436 1159 amoris
446 1108 481 1159 ad
490 1109 533 1171 id,
542 1108 623 1176 ‘quod
633 1116 677 1161 sat
687 1116 742 1171 est,
755 1114 787 1159 ut
797 1112 891 1158 currat

91 1176 153 1226 vita
162 1187 226 1224 mea
233 1174 262 1225 in
272 1188 317 1224 am
334 1173 414 1225 laxus
425 1180 498 1237 tuos,
507 1188 560 1226 neo
570 1182 719 1237 avertatur,
730 1175 819 1226 donee
829 1174 891 1225 abs·

31 1271 38 1275 -
92 1237 231 1293 condatur
252 1240 282 1291 in
304 1188 470 1291 adscondito
498 1242 590 1293 vultus
609 1242 660 1293 tui.
694 1242 758 1293 lloo
782 1246 891 1291 tantum

90 1308 165 1371 seio,
176 1305 336 1373 quiasmale
345 1306 425 1357 mibi
436 1313 489 1359 est
499 1315 636 1375 praeter
648 1313 694 1373 te,
707 1322 770 1360 non
787 1306 892 1359 solum

90 1380 187 1426 extra
202 1388 263 1437 me,
287 1373 346 1425 sed
362 1379 397 1425 et
410 1375 444 1426 in
460 1376 616 1443 meipso,
639 1376 793 1428 etomnis
810 1372 889 1427 mihi

90 1441 202 1509 eopia,
215 1454 298 1508 quae
309 1440 397 1493 Deus
409 1457 472 1493 non
486 1448 551 1504 est,
566 1447 699 1510 egestas
713 1448 772 1494 est.
858 1462 871 1479 ··

89 1504 96 1518 ⁸
143 1509 173 1558 G.
188 1507 235 1558 IX.
270 1507 409 1575 Numquid
422 1515 470 1558 aut
480 1508 565 1559 Pater·
576 1516 624 1560 aut
632 1509 721 1560 Filius
731 1523 786 1559 non
796 1521 892 1574 super-

90 1573 235 1625 ferebatur
252 1578 335 1638 super
352 1575 453 1640 aquas!
471 1574 501 1627 Si
516 1582 655 1641 tamquam
666 1575 731 1625 loeo
744 1575 817 1624 sieut
830 1587 891 1625 eor·

91 1655 157 1707 pus,
170 1654 222 1690 neo
235 1638 356 1705 Spiritus
370 1647 494 1703 sanetum
513 1641 538 1692 si
552 1646 643 1690 autern
654 1639 891 1692 iucommutabilis

11 1716 14 1723 ·
92 1706 411 1758 diffinitatis-eminentia
419 1720 504 1773 super
513 1721 594 1758 omne
603 1706 750 1769 imitabile,
766 1711 795 1756 et
806 1705 892 1756 Pater

31 2241 41 2254 ‘
89 2237 237 2288 sulutem
250 2244 373 2288 nostram
386 2238 421 2290 de

92 1780 123 1825 et
139 1773 227 1824 Filius
246 1779 276 1823 et
295 1771 414 1838 Spiritus
432 1779 546 1824 sanetus
563 1771 791 1854 superierebatur
807 1785 891 1838 super

80 1840 282 1984 lizinii}
294 1839 654 1969 mutilium
664 1839 891 1972 bullita}

199 1986 246 2051 a
264 1985 321 2054 Μ’·
402 1973 500 2090 iu
515 1973 706 2091 uum
718 1972 889 2090 trouu

89 2037 171 2154 qq'qotq
181 2038 771 2184 ffiinffnwffinlile'snosmloousnoffun
805 2073 890 2155 Annot'·
913 2139 917 2146 -

88 2170 158 2221 illue
173 2171 285 2222 adtollit
297 2184 361 2234 nos,
375 2179 404 2224 et
411 2169 533 2255 Spiritus
546 2179 612 2253 tuus
625 2173 715 2224 bonus
726 2173 831 2225 exaltat
840 2170 889 2222 hu·

89 2308 151 2357 tute
166 2316 221 2368 pax
240 2304 321 2357 nobis
336 2310 389 2355 est.
416 2237 889 2372 ἕὲἷξιῗεπέζᾟεοτοξῖιξοιὲῗιέιῗέᾚ

88 2369 281 2421 loonmsuum.
316 2369 429 2421 Pondus
439 2385 494 2422 non
505 2373 540 2423 ad
549 2373 719 2423 imatantum
729 2375 782 2430 est,
792 2369 841 2420 sed
851 2368 888 2419 ad

89 2436 184 2487 looum
202 2451 290 2487 suum.
324 2436 401 2502 lgnls
420 2450 529 2490 sursum
541 2439 643 2500 tendit,
663 2437 793 2488 deorsum
806 2434 886 2501 lapis.

89 2502 265 2554 Ponderibus
276 2505 342 2554 ¹suis
359 2509 490 2570 aguntur,
508 2506 574 2556 loea
587 2519 637 2556 sua
649 2509 754 2570 petunt.
767 2513 774 2518 ·
790 2501 894 2552 Oleum

89 2568 164 2620 inira
177 2572 276 2634 aquain
286 2567 380 2620 fusum
388 2584 472 2636 supra
480 2585 580 2638 aquam
591 2569 745 2630 adtonitum
764 2583 835 2634 aqua
844 2583 889 2618 su·

89 2649 141 2704 prs
151 2635 244 2688 oleum
252 2634 316 2688 fusa
324 2635 399 2688 infra
408 2637 501 2690 oleum
510 2638 689 2704 demergitur.
714 2635 890 2688 Ponderibus
