2050 2925
216 154 536 244 coNFsssaloNuM
556 158 678 211 LIBER
694 160 778 214 Xlll.
847 163 897 217 25⁹

96 260 146 307 oet
164 268 260 307 sorum
270 256 459 323 imperfectio,
479 263 510 308 ut
524 272 558 309 ex
572 264 600 310 te
612 260 791 325 perficiantur
804 270 832 313 et
844 264 897 316 tibi

96 319 239 389 placeant,
252 336 309 373 non
323 329 416 374 autam
428 324 607 392 imperfecto,
621 334 760 393 tamquam
770 334 799 377 et
808 335 839 379 tu
849 345 895 381 eo-

96 388 595 456 rumperfaotionepe'rbciendussls.
627 392 742 459 Spiritus
754 394 827 444 enim
837 402 897 447 tuus

98 454 190 506 bonus
203 454 421 523 superferebatur
433 472 622 525 supenoquos:
640 474 695 509 non
707 459 850 511 ferebatur
863 463 897 513 ab

99 522 156 582 eis,
174 528 313 589 nusquam
331 523 360 572 in
379 523 421 574 eis
432 510 633 591 &quiescerit
667 523 699 575 ln
730 526 810 579 uibus
825 528 898 578 enim

98 590 278 667 requiescitis
288 588 390 640 (licitur
400 590 520 707 sfiritus
530 596 595 643 tuus
604 542 732 655 bonuai

99 667 248 721 quiescere
260 653 337 706 lacit.
372 655 409 707 So
441 657 668 723 superferebatur
677 659 898 725 incorruptibili

97 727 130 771 at
141 720 375 773 incommutabilis
387 724 516 774 voluntas
528 730 591 787 tua,
604 726 665 791 ipsa
677 725 707 775 in
720 738 750 776 se
761 726 815 777 sibi
825 727 898 777 suffi-

96 787 190 850 ciens,
207 801 291 853 super
310 802 370 842 sam
393 804 474 857 quam
490 788 599 842 feceras
613 793 708 853 vitam,
728 788 773 843 eui
785 807 840 843 non
854 800 899 845 est

98 850 156 904 boo
167 853 274 917 vivers,
291 854 367 922 quod
379 857 461 907 beate
471 857 578 919 visere,
592 858 735 924 quisvivit
743 859 827 910 etiam
837 858 897 911 llui-

97 926 163 971 tans
177 920 206 970 lu
219 920 390 974 obscuritate
402 936 465 984 sua3
484 921 530 973 aui
541 928 631 972 restat
643 924 770 974 converti
780 926 815 975 ad
825 938 897 987 eum,

98 1000 119 1036 a
132 1000 186 1052 quo
199 986 276 1037 latta
290 993 347 1049 est,
361 994 390 1039 et
398 990 488 1053 magis
496 988 641 1065 magisque
651 990 744 1039 vivere
755 991 827 1055 apud
836 991 897 1043 lon-

95 1058 157 1103 tenn
168 1053 252 1113 vitae,
266 1054 332 1103 etin
341 1054 445 1104 lumine
456 1054 517 1105 aius
527 1053 623 1104 videre
633 1054 737 1119 lumen,
752 1061 781 1107 et
790 1057 897 1123 perlici,

97 1118 416 1179 etillustrarietbeari.

152 1181 183 1234 C.
195 1182 230 1235 V.
264 1184 338 1235 Eece
351 1184 467 1253 adparet
477 1184 546 1239 mihi
557 1187 586 1238 in
597 1187 752 1255 aenigmate
763 1188 896 1251 Trinitas,

96 1249 174 1317 quod
184 1264 215 1301 es
224 1249 302 1301 Deus
310 1264 397 1314 meus,
407 1243 537 1318 quoniam
545 1258 577 1305 tu
585 1256 665 1322 pater
673 1250 701 1305 in
706 1253 842 1322 principio
853 1270 896 1306 sa·

93 1317 221 1385 pientiae
234 1324 358 1381 nostrae,
378 1319 453 1386 quod
466 1327 511 1371 est
522 1327 572 1373 tua
583 1321 719 1387 sapientia
732 1321 765 1372 do
778 1328 807 1373 te
820 1327 895 1383 nata,

90 1384 224 1451 'aequalis
235 1385 289 1435 tibi
301 1391 330 1436 et
344 1392 504 1450 coaeterna,
518 1387 549 1437 id
561 1393 616 1449 est,
630 1388 658 1437 in
673 1387 731 1439 lilio
745 1394 794 1440 tuo
798 1387 897 1458 fecisti
920 1450 923 1455 ἱ

95 1452 198 1503 caelans
205 1458 233 1504 tt
242 1458 350 1503 terram.
385 1453 421 1504 Et
430 1453 517 1506 multa
526 1453 645 1507 diximus
655 1453 689 1504 (le
700 1455 770 1505 coelo
782 1454 857 1517 coeli,
866 1460 896 1507 et

97 1517 134 1568 sle
142 1524 216 1571 terra
225 1518 351 1570 invisibili
359 1519 577 1587 etiaeomposs'ta,
589 1526 618 1570 et
628 1519 663 1570 de
671 1520 763 1586 abysso
774 1522 894 1573 tenebro-

87 1599 139 1646 so,
155 1585 304 1636 seeundum
321 1586 454 1651 spiritalis
464 1585 643 1636 inlomitatis
653 1585 818 1653 vagabunda
827 1587 893 1639 deli-

97 1651 176 1716 quia,
191 1653 246 1703 nisi
259 1657 468 1703 converteretur
481 1652 517 1702 ad
524 1665 605 1710 eum,
619 1663 703 1719 aquo
717 1657 778 1704 erat
792 1653 894 1719 qualis.

97 1720 295 1784 conquesita,
309 1724 338 1769 et
346 1717 551 1770 illuminatione
561 1718 641 1769 fieret
650 1719 780 1784 speciosa
788 1719 854 1781 vita,
865 1727 895 1771 ot

98 1790 175 1835 esset
184 1786 293 1837 coelum
306 1784 380 1835 coeli
393 1786 468 1848 eius,
482 1785 557 1852 quod
566 1785 640 1835 inter
648 1798 747 1853 aquam
758 1789 787 1836 at
794 1799 894 1851 aquam

96 1856 198 1917 postea
214 1851 318 1903 lactum
335 1857 387 1902 est.
421 1851 459 1904 Et
469 1851 600 1902 tenebam
612 1853 667 1903 iann
679 1856 786 1918 patrem
797 1854 827 1902 in
840 1849 896 1903 Des’

96 1920 221 1980 nomine,
234 1918 358 1984 quilecit
368 1916 449 1981 baec,
463 1925 492 1969 et
501 1915 695 1983 liliuminpn‘u
717 1916 724 1928 ’
745 1916 761 1967 's'
772 1920 893 1982 nomine,

96 1984 126 2034 iu
153 1999 208 2051 quo
227 1981 404 2047 faciontes,-
423 1991 457 2035 ὀι
475 1984 642 2035 Trinitatem
664 1996 710 2035 are
732 1997 781 2034 ens
802 1983 892 2037 Deum

95 2064 200 2114 meum,
213 2051 296 2102 siaul
307 2051 467 2113 andebam,
480 2052 647 2117 quaerebam
662 2051 691 2100 in
701 2051 820 2118 eloquiis
830 2065 892 2103 san·

50 2169 54 2172 .
95 2117 243 2179 anseius,
262 2123 291 2168 st
309 2131 376 2169 eoae
387 2117 495 2184 spiritus
510 2124 571 2169 tuas
583 2115 801 2186 superferebatur
809 2131 893 2186 super

57 2245 62 2250 ·
95 2183 918 2304 tlt-‘lulimitti‘btiizittiiiffflffl⁰⁸†

118 2264 178 2367 ic.
192 2315 239 2366 Vl.
276 2315 332 2368 Sed
341 2286 421 2383 ’quae
434 2330 519 2368 causa
531 2316 634 2382 basiat,
655 2333 671 2369 o
684 2317 777 2368 lumen
789 2315 890 2366 veridi-

96 2395 158 2432 cum
173 2381 237 2443 (tibi
258 2382 462 2434 admoventur
473 2399 575 2449 meum,
589 2399 624 2438 ue
637 2397 681 2435 nne
696 2397 766 2434 uana
780 2381 889 2444 doceat,

96 2448 889 2516 iiseutstanebrasaius,otiiennihi),obsecrotoporuna·

94 2520 168 2565 trem
177 2516 331 2577 baalmeon,
340 2517 458 2569 obsecro
467 2523 505 2580 te,
515 2518 560 2569 dic
569 2517 645 2579 mini,
656 2528 727 2582 quae
737 2527 821 2564 caasa
830 2512 889 2564 lue-

94 2585 260 2646 mautpost
269 2583 438 2633 nominatum
447 2585 547 2635 coetum
557 2592 584 2636 et
593 2579 853 2634 terruminns'sibtlem
863 2589 891 2631 et

31 2710 36 2718 .
93 2646 307 2715 incompositam,
318 2658 346 2699 et
354 2649 476 2702 tmebras
485 2665 564 2719 super
573 2650 702 2716 abyssum,
713 2653 770 2698 tum
780 2645 889 2700 domum

521 2715 689 2768 *Ra

734 606 765 643 os
776 593 804 643 in
815 606 898 645 sere·
981 638 983 645 ,
