2050 2925
1 144 7 152 χ
86 62 153 140 ”aa
311 75 730 142 noanisrnuousrim
788 124 797 131 ,

119 188 255 252 vanitate3
274 188 324 241 sed
342 196 371 241 et
389 197 455 242 tunc
469 190 592 241 distabat
603 192 676 241 inter
688 204 748 241 nos.
784 186 919 241 Nimiium

81 299 85 316 ,
120 256 222 323 quippe
236 253 410 307 ille‘ielicior
423 264 496 319 erat,
510 271 567 307 nor
576 256 767 324 tantumquod
777 254 919 309 hilaritate

120 322 351 390 perfundebatur,
375 338 436 374 eum
456 337 510 389 ego
530 324 603 375 curis
621 326 805 387 eviscerarer,
826 338 921 375 verum

121 392 207 440 etiam
226 390 301 457 quod
318 390 368 441 ille
386 390 458 441 bene
477 391 598 456 optando
616 391 806 459 adquisiverat
818 393 920 451 vinum,

79 463 82 467 ’
121 471 175 524 ego
189 457 348 509 mentiendo
366 457 532 523 quaerebam
541 456 666 523 typhum.
700 457 769 509 Dixi
777 464 842 509 tune
853 456 922 506 mul·

120 529 149 574 ta
162 524 191 574 in
204 523 256 574 hac
270 525 410 575 sententia
422 524 495 575 caris
509 526 591 586 meis,
607 530 637 575 et
649 538 733 592 saepe
744 524 921 587 advertebam

119 591 147 640 in
156 588 215 653 his,
226 589 366 657 quomodo
375 589 444 640 mihi
452 596 536 652 esset,
549 596 578 641 et
587 592 762 643 inveniebam
771 590 843 643 male
853 588 921 641 mihi

121 672 194 719 esse,
206 664 235 708 et
244 657 382 718 dolebam,
394 664 423 707 et
432 658 660 723 conduplicabam
671 660 760 724 ipsum
770 656 852 707 male.
888 656 925 706 Et

120 724 146 775 si
160 724 226 791 quid
240 724 386 773 adrisisset
399 734 576 791 prosperum,
590 725 722 776 taedebat
733 722 925 789 adprehende·

120 804 165 853 re,
179 792 245 857 quia
256 804 344 857 paene
357 792 518 858 priusquam
530 796 674 843 teneretur
684 791 821 843 avolabat.

131 874 137 880 ·
171 858 202 907 G.
216 856 276 908 Vll.
313 857 594 925 congemiscebamus
604 860 634 909 in
644 860 692 921 iis,
707 858 754 923 qui
765 856 849 908 simul
856 858 924 907 ami·

121 923 924 993 cevivebamus,etmaximeaciamiliarissimecumhlypio

121 990 294 1044 etNebridio
308 993 364 1043 ista
377 991 567 1059 colloquebar,
578 1006 695 1059 quorum
704 992 820 1058 Alypius
831 1006 867 1042 ex
876 1004 926 1041 eo·
959 1022 962 1027 ·

121 1058 196 1121 dem,
210 1065 330 1127 quo'ego
342 1066 420 1111 ortus
432 1074 507 1110 eram
517 1060 682 1125 municipio,
696 1058 858 1124 parentibus
867 1057 926 1123 pri-

24 1126 28 1130 '
119 1127 240 1177 metibus
250 1126 473 1193 municipalibus,
481 1140 527 1177 me
537 1122 713 1180 minorlhaiu.
748 1124 819 1176 Nam
829 1131 858 1175 et
867 1130 926 1175 stu·

121 1192 220 1243 duerat
231 1192 304 1259 apud
312 1193 369 1254 ine,
384 1208 446 1243 omn
456 1194 485 1243 in
494 1199 592 1243 nostro
603 1188 706 1251 didere
717 1194 799 1258 coepi
810 1191 926 1258 oppido,

121 1264 150 1308 et
164 1266 263 1323 postea
276 1257 453 1325 Carthagini,
467 1264 496 1310 et
505 1258 695 1326 diligebatine
705 1260 834 1321 multum,
845 1256 927 1325 quod

121 1324 149 1375 ei
160 1325 250 1375 bonus
261 1331 289 1375 et
299 1326 398 1376 doctus
408 1325 534 1387 viderer,
551 1332 580 1377 et
590 1340 645 1393 ego
653 1327 733 1378 illum
742 1332 858 1392 propter
867 1339 927 1377 ma-

120 1405 203 1458 gnam
213 1392 324 1442 virtutis
334 1391 467 1455 indolem,
477 1406 549 1459 quac
559 1394 589 1445 in
599 1390 766 1461 nonmagna
777 1399 870 1443 aetate
880 1406 924 1443 sa·

120 1458 158 1509 tis
178 1458 326 1517 eminebat.
362 1459 472 1528 Gurges
491 1466 585 1512 tamen
602 1473 710 1512 morum
725 1458 927 1527 Carthaginen-

121 1526 201 1588 sium,
208 1527 308 1593 quibus
317 1528 466 1594 nugatoria
475 1525 585 1578 ferrent
595 1529 763 1595 spectacula,
774 1527 927 1578 absorbue-

120 1598 166 1643 rat
179 1609 241 1645 eum
250 1595 280 1645 in
288 1595 425 1646 insaniam
434 1595 616 1654 Circensium.
647 1594 708 1648 ¹Sed
718 1610 781 1647 cum
790 1595 819 1646 in
829 1609 864 1644 eu
874 1591 926 1644 mi·

121 1661 281 1712 serabiliter
289 1662 458 1725 volveretur,
466 1676 520 1729 ego
531 1668 624 1713 autem
633 1661 801 1724 rhetoricam
811 1661 852 1712 ibi
861 1676 926 1728 pro·

120 1726 213 1779 fessus
222 1728 335 1794 publica
343 1728 442 1780 schola
450 1736 558 1792 uterer,
569 1729 690 1782 nondum
698 1744 741 1780 me
753 1729 885 1784 audiebat
894 1734 927 1778 ut

120 1796 414 1862 nragistmm‚propter
423 1795 569 1863 quamdam
579 1797 758 1858 simultatem,
769 1809 841 1862 quae
852 1796 927 1846 inter

120 1875 165 1911 me
176 1867 206 1912 et
214 1869 322 1928 patrem
333 1864 395 1913 eius
405 1869 466 1914 erat
475 1868 587 1927 exorta3
599 1869 628 1915 et
638 1877 837 1929 compereram,
850 1861 927 1928 quod

122 1929 226 1979 circum
236 1929 388 1980 exitialiter
398 1937 516 1993 amaret,
532 1935 559 1980 et
570 1931 692 1997 graviter
701 1930 837 1996 angebar,
849 1929 927 1996 quod

120 2000 226 2051 tantam
243 2009 321 2062 spem
334 1995 506 2062 perditurus,
524 1997 570 2047 vel
587 1998 671 2048 etiam
682 1997 841 2066 perdidisse
856 1993 925 2046 mihi

55 2065 60 2072 ‘
120 2061 276 2113 videbatur.
312 2060 369 2112 Sed
377 2062 507 2113 monendi
520 2077 595 2126 eum,
610 2072 638 2115 et
648 2065 741 2130 aliqua
751 2063 926 2115 coercitione

120 2128 284 2191 revocandi,
294 2128 371 2180 nulla
381 2135 442 2180 erat
451 2130 541 2198 copia,
552 2130 598 2181 rel
608 2132 746 2182 aniioitiae
756 2129 924 2181 benevolam

120 2195 175 2256 tia,
188 2196 234 2245 vel
243 2197 304 2247 iure
317 2197 480 2263 magisterii.
517 2196 652 2248 Putabam
668 2198 740 2248 enim
756 2211 819 2248 eum
829 2196 865 2247 de
879 2209 927 2248 nse
959 2228 964 2236 -

122 2277 184 2312 cum
201 2269 280 2328 patre
300 2265 417 2327 sentire3
435 2263 484 2315 ille
503 2278 571 2315 vcro
590 2279 645 2315 non
665 2266 707 2316 sie
720 2271 789 2315 erat.
824 2263 926 2329 ltaque

120 2331 314 2396 postpositain
322 2329 411 2381 haere
422 2332 508 2398 patris
519 2327 662 2382 voluntate
672 2329 794 2383 salutare
804 2345 849 2381 me
861 2343 927 2380 coe·

55 2452 58 2456 ,
120 2404 209 2462 perat,
219 2398 334 2450 veniens
343 2398 372 2448 in
383 2398 551 2449 auditorium
562 2412 662 2461 mouns,
673 2404 702 2450 et
711 2397 806 2450 audire
818 2396 927 2462 aliquid

122 2471 204 2528 atque
215 2465 303 2518 abire.
329 2464 468 2517 Sedenim
479 2465 513 2516 de
524 2467 659 2516 memoria
667 2465 734 2515 mihi
744 2464 852 2530 lapsum
864 2469 929 2513 erat

122 2544 207 2596 agere
221 2547 283 2583 cum
295 2533 359 2594 illo,
373 2546 408 2582 ne
421 2546 555 2583 vanorum
568 2531 697 2583 ludorum
710 2546 794 2582 caeco
807 2537 835 2581 et
845 2544 928 2596 prae-

122 2599 201 2665 cipiti
213 2599 307 2656 studio
321 2606 378 2652 tam
387 2599 490 2650 bonum
499 2599 675 2650 interimeret
684 2599 833 2668 ingenium.
870 2596 943 2650 Vc:
