2050 2925
228 78 733 165 conrassrouuuuraaa-xz
789 72 877 167 ‘roo
950 84 966 129 ’-

80 224 145 265 amo
157 217 195 261 te.
231 210 400 263 Percussisti
411 226 461 263 oor
472 228 564 265 meum
579 213 736 275 verbotuo,
751 219 779 263 et
789 216 878 265 amavi

78 286 120 329 te.
156 277 212 329 Sed
230 285 258 329 et
276 280 528 341 coelumetterra,
548 286 576 329 et
590 282 693 342 omnia,
712 294 781 346 quae
795 282 877 331 ineis
913 326 916 331 .
961 282 962 285 ’

78 350 159 406 suut,
170 339 237 395 ecoe
246 345 367 411 undique
377 344 561 407 milridieunt,
571 351 602 397 ut
610 352 639 396 te
650 360 747 407 aurem,
758 360 809 397 neo
820 361 878 397 oes-

78 418 145 462 saut
160 411 255 461 dioere
268 412 408 473 omnibus,
426 417 458 460 ut
470 412 526 463 sint
539 411 754 462 inexcusabiles.
789 413 877 465 Altius

79 484 173 528 autem
181 483 213 527 tu
222 476 408 539 misereberis,
415 477 460 527 eui
468 477 599 532 misertus
609 479 675 540 eris,
686 484 715 529 et
724 478 878 530 miseridor-

79 544 155 595 dium
163 543 329 609 praestabis,
339 544 384 593 eui
393 544 553 594 misericors
563 544 663 595 fueris:
681 544 806 611 alioquin
817 560 890 595 eoo·-

56 624 63 633 ·
79 610 137 661 lum
150 616 178 660 et
194 609 714 676 terrasurdisloquunturlaudestuas.
750 612 822 671 Quid
833 626 879 663 au·
932 647 938 651 -

79 682 138 727 tem
149 677 225 733 amo,
244 690 306 725 oum
326 682 356 726 te
368 676 446 727 omui
462 675 525 727 Nou
537 680 659 743 speeiem
673 678 812 743 corporis,
827 692 879 729 neu

80 743 167 793 decus
179 743 327 809 temporis,
339 756 392 792 neo
404 743 552 794 eandorem
565 744 648 807 lueis,
662 758 728 795 eoee
739 745 801 795 istis
811 746 878 797 ami-

80 824 143 859 cum
153 808 255 871 oeulis,
264 822 320 859 nou
330 808 425 859 dulees
435 810 571 862 melodias
582 811 780 862 cantilenarum
791 812 881 862 omnir

78 874 236 936 modorum,
248 888 304 926 non
317 873 416 926 ilerum
429 881 459 925 et
470 882 675 941 unguentorum
685 882 714 928 et
723 884 877 929 aromatum

79 942 312 1003 suaveolentiam,
321 956 378 992 uon
386 956 487 991 manna
495 949 525 991 et
535 942 626 1004 melle,
636 958 692 993 non
700 946 824 996 membra
834 960 877 995 ae-

80 1007 231 1074 oeptubilia
242 1010 334 1059 earnis
346 1008 528 1074 amplexibus.
562 1006 625 1058 Non
639 1008 708 1059 haee
722 1024 796 1071 amo,
816 1024 877 1060 eum
893 1020 897 1026 “
916 1056 919 1061 .

79 1090 144 1125 amo
156 1073 247 1125 Deum
265 1089 369 1137 meum3
388 1080 417 1124 et
434 1080 528 1123 tamen
546 1087 607 1123 emo
642 1074 766 1125 uanrdaru
778 1076 877 1137 lucem,

81 1148 109 1192 et
122 1142 268 1207 quemdam
278 1153 388 1200 vocem,
405 1145 435 1189 et
447 1139 593 1205 quemdam
606 1090 732 1203 odorem,
746 1147 775 1192 et
787 1156 879 1207 quem·
934 1157 944 1167 ·

80 1209 144 1259 dam
154 1208 260 1268 cibum,
272 1213 302 1257 et
311 1205 457 1274 quemdem
466 1207 633 1272 amplexum,
644 1221 706 1257 eum
715 1222 777 1258 amo
788 1208 877 1259 Deum
927 1248 928 1253 ,

79 1288 183 1335 meum,
193 1273 298 1335 lucem,
307 1287 414 1335 rocem,
426 1272 553 1335 odorem,
564 1274 664 1335 eibum,
675 1276 830 1339 amplexum
839 1278 878 1325 ina
925 1310 931 1315 -

71 1340 195 1391 *terioris
207 1338 327 1391 hominis
339 1341 407 1401 mai;
425 1339 474 1389 ubi
482 1338 572 1407 fulget
582 1342 688 1392 animae
699 1354 790 1403 meae,
798 1338 879 1409 ‘quod
942 1374 952 1385 -

80 1422 137 1458 nun
147 1409 220 1474 oepit
229 1408 321 1469 locus,
332 1413 362 1457 et
370 1406 418 1457 ubi
427 1412 518 1469 sonat,
528 1407 602 1474 quod
612 1421 668 1457 uun
677 1408 750 1474 rapit
759 1413 877 1477 tempus,

80 1482 110 1526 et
119 1475 167 1525 ubi
178 1473 325 1542 oletquod
333 1489 390 1524 nou
398 1475 506 1540 spargit
515 1473 606 1536 flatus,
615 1480 645 1524 et
653 1473 702 1525 ubi
713 1476 793 1541 sapit,
804 1477 878 1544 quud
902 1483 915 1494 '

80 1556 137 1592 uon
146 1541 245 1601 minuit
254 1541 390 1603 edacitas,
403 1547 432 1590 et
441 1540 490 1601 ubi
499 1537 608 1602 haeret,
622 1539 696 1606 quod
705 1555 761 1590 non
772 1541 882 1591 divellit

48 1644 50 1647 .
80 1609 207 1671 satietas.
241 1607 305 1657 lloe
315 1608 442 1673 estquod
452 1620 524 1668 amo,
535 1605 795 1657 oumDeummeum
805 1621 890 1658 amo·

79 1675 117 1724 Et
136 1672 202 1738 quid
220 1678 264 1722 est
276 1670 344 1722 lrooi
360 1673 535 1739 interrogavi
546 1679 661 1734 terram,
681 1679 710 1723 et
723 1673 804 1724 dixit:
824 1688 878 1724 nou

80 1754 155 1802 sum3
174 1745 203 1789 et
215 1753 402 1806 quaecumque
415 1741 444 1790 in
458 1739 556 1790 eadem
571 1745 647 1800 aunt,
661 1738 735 1789 idem
749 1737 880 1789 confessa

79 1811 154 1858 sunt.
175 1804 347 1872 interrogaui
357 1820 433 1857 mare
442 1812 471 1857 et
479 1807 608 1872 abyssos,
619 1813 648 1856 et
656 1805 768 1871 reptilia
777 1807 878 1857 anima-

78 1887 140 1923 rum
149 1873 282 1934 vivarum,
289 1878 318 1922 et
325 1872 538 1938 responderunt:
549 1887 605 1923 non
615 1887 708 1924 sumus
717 1871 794 1922 Deus
803 1877 877 1934 tuus,

79 1953 280 2006 quaere-super
291 1953 351 1989 nos.
385 1939 559 2006 interrogavi
571 1937 654 1989 auras
663 1937 783 2000 flabiles,
798 1939 876 1989 etin·
922 1939 926 1944 '

79 2008 140 2072 quit
157 2007 303 2056 universus
322 2007 371 2055 adr
383 2020 446 2057 cum
457 2005 558 2056 ineolis
570 2006 639 2056 suis:
658 2003 765 2057 fallitur
776 2006 875 2056 Anaxi·

78 2086 187 2136 menes,
199 2087 256 2123 non
269 2087 330 2124 sum
338 2071 424 2123 Deus.
458 2071 633 2138 interrogavi
642 2072 762 2135 eoelum,
777 2071 874 2133 solem,

78 2137 184 2201 lunum,
196 2138 306 2190 stellas:
324 2152 414 2205 neque
426 2152 478 2192 uos
492 2154 586 2189 sumam
595 2137 684 2201 Deus,
699 2153 779 2204 quem
793 2151 875 2205 quae·

77 2205 128 2266 ris,
138 2205 274 2271 inquinata
309 2205 345 2254 Et
354 2205 413 2256 dixi
422 2205 550 2255 omnibus
559 2205 606 2266 iis,
617 2219 686 2272 quae
697 2207 882 2256 circumstent
942 2241 950 2247 .

78 2271 156 2322 iores
169 2271 261 2322 earnis
273 2285 363 2325 meae:
382 2271 492 2321 dixistis
505 2270 574 2322 milri
587 2271 621 2321 de
635 2271 696 2322 Deo
710 2285 785 2331 meo,
801 2270 875 2335 qrrud

76 2352 128 2388 vos
140 2351 198 2386 non
210 2337 291 2400 estis3
309 2337 394 2387 dicite
406 2335 474 2386 milri
485 2336 519 2387 do
529 2337 579 2390 illo
590 2338 703 2404 aliquid.
738 2337 775 2386 Et
784 2335 875 2384 excla-

75 2409 299 2454 mereruntvoee
308 2413 419 2470 magua:
437 2400 500 2467 lpse
516 2401 654 2454 iecitnos.
688 2403 875 2465 interrogatio

4 2474 5 2481 ’
75 2485 152 2532 urea,
166 2470 285 2520 intentio
298 2483 373 2530 mea,
387 2474 416 2518 et
427 2471 578 2534 responsio
589 2483 695 2530 eorum,
710 2468 817 2534 species
828 2479 875 2516 eo-

73 2551 144 2587 rum.
179 2535 216 2586 Et
225 2536 315 2587 direnti
326 2550 371 2586 me
384 2536 419 2586 ad
432 2550 490 2596 me,
504 2542 533 2586 et
547 2535 605 2586 dixi
617 2533 683 2584 milri
690 2551 696 2582 ι
716 2539 747 2582 tu
757 2531 818 2596 quis
829 2531 874 2580 esi

74 2602 111 2654 Et
120 2603 265 2670 respondi:
282 2603 386 2654 Homo.
420 2602 457 2652 Et
467 2614 533 2654 euos
545 2615 645 2666 eorpus
656 2605 685 2650 et
693 2597 784 2652 anima
793 2597 821 2646 in
830 2609 874 2646 me
908 2597 912 2604 “
