<?xml version="1.0" encoding="UTF-8"?>
<!DOCTYPE html PUBLIC "-//W3C//DTD XHTML 1.0 Transitional//EN"
    "http://www.w3.org/TR/xhtml1/DTD/xhtml1-transitional.dtd">
<html xmlns="http://www.w3.org/1999/xhtml" xml:lang="en" lang="en">
 <head>
  <title>
</title>
<meta http-equiv="Content-Type" content="text/html;charset=utf-8" />
  <meta name='ocr-system' content='tesseract 3.04.00' />
  <meta name='ocr-capabilities' content='ocr_page ocr_carea ocr_par ocr_line ocrx_word'/>
</head>
<body>
  <div class='ocr_page' id='page_1' title='image "./saureliiaugusti00brudgoog_0158.png"; bbox 0 0 2050 2925; ppageno 0'>
   <div class='ocr_carea' id='block_1_1' title="bbox 69 112 967 365">
    <p class='ocr_par' dir='ltr' id='par_1_1' title="bbox 69 112 967 365">
     <span class='ocr_line' id='line_1_1' title="bbox 69 112 759 201; baseline -0.006 0"><span class='ocrx_word' id='word_1_1' title='bbox 69 112 74 115; x_wconf 14' lang='grc' dir='ltr'><strong><em>Δ</em></strong></span> <span class='ocrx_word' id='word_1_2' title='bbox 161 129 233 201; x_wconf 79' lang='lat' dir='ltr'><strong>ns</strong></span> <span class='ocrx_word' id='word_1_3' title='bbox 358 143 522 200; x_wconf 73' lang='lat' dir='ltr'><strong>sunnon</strong></span> <span class='ocrx_word' id='word_1_4' title='bbox 539 144 759 201; x_wconf 79' lang='lat' dir='ltr'><strong>nooosrrnr</strong></span> 
     </span>
     <span class='ocr_line' id='line_1_2' title="bbox 159 246 967 365; baseline 0.001 -67"><span class='ocrx_word' id='word_1_5' title='bbox 159 246 273 365; x_wconf 72' lang='lat' dir='ltr'><strong>peribam</strong></span> <span class='ocrx_word' id='word_1_6' title='bbox 282 248 453 313; x_wconf 78' lang='lat' dir='ltr'>accipiantur</span> <span class='ocrx_word' id='word_1_7' title='bbox 462 261 598 313; x_wconf 74' lang='lat' dir='ltr'><strong>personae</strong></span> <span class='ocrx_word' id='word_1_8' title='bbox 608 246 732 309; x_wconf 82' lang='lat' dir='ltr'><strong>divitum,</strong></span> <span class='ocrx_word' id='word_1_9' title='bbox 742 254 790 297; x_wconf 88' lang='lat' dir='ltr'><strong>aut</strong></span> <span class='ocrx_word' id='word_1_10' title='bbox 800 259 867 313; x_wconf 86' lang='lat' dir='ltr'><strong>prae</strong></span> <span class='ocrx_word' id='word_1_11' title='bbox 879 246 967 315; x_wconf 81' lang='lat' dir='ltr'><strong>igno-</strong></span> 
     </span>
    </p>
   </div>
   <div class='ocr_carea' id='block_1_2' title="bbox 179 312 972 392">
    <p class='ocr_par' dir='ltr' id='par_1_2' title="bbox 179 312 972 392">
     <span class='ocr_line' id='line_1_3' title="bbox 179 312 972 392; baseline 0 -29"><span class='ocrx_word' id='word_1_12' title='bbox 179 314 393 377; x_wconf 60' lang='lat' dir='ltr'><strong>ilibusnobilen</strong></span> <span class='ocrx_word' id='word_1_13' title='bbox 407 313 517 380; x_wconf 85' lang='lat' dir='ltr'><strong>quando</strong></span> <span class='ocrx_word' id='word_1_14' title='bbox 527 316 620 391; x_wconf 85' lang='lat' dir='ltr'><strong>potius</strong></span> <span class='ocrx_word' id='word_1_15' title='bbox 630 312 837 381; x_wconf 75' lang='lat' dir='ltr'><strong>infirmamuods&#39;</strong></span> <span class='ocrx_word' id='word_1_16' title='bbox 845 314 972 392; x_wconf 41' lang='lat' dir='ltr'><strong>elegisti·</strong></span> 
     </span>
    </p>
   </div>
   <div class='ocr_carea' id='block_1_3' title="bbox 45 356 970 450">
    <p class='ocr_par' dir='ltr' id='par_1_3' title="bbox 45 356 970 450">
     <span class='ocr_line' id='line_1_4' title="bbox 45 356 970 450; baseline 0.002 -21"><span class='ocrx_word' id='word_1_17' title='bbox 45 356 49 364; x_wconf 26' lang='lat'>*</span> <span class='ocrx_word' id='word_1_18' title='bbox 160 379 487 450; x_wconf 61' lang='lat' dir='ltr'><strong>moossunderesforts&#39;u</strong></span> <span class='ocrx_word' id='word_1_19' title='bbox 495 388 524 429; x_wconf 79' lang='lat' dir='ltr'><strong>et</strong></span> <span class='ocrx_word' id='word_1_20' title='bbox 531 377 660 446; x_wconf 69' lang='lat' dir='ltr'><strong>ignobilia</strong></span> <span class='ocrx_word' id='word_1_21' title='bbox 667 380 747 431; x_wconf 69' lang='lat' dir='ltr'><strong>taius</strong></span> <span class='ocrx_word' id='word_1_22' title='bbox 755 379 847 430; x_wconf 71' lang='lat' dir='ltr'><strong>mundi</strong></span> <span class='ocrx_word' id='word_1_23' title='bbox 855 380 970 447; x_wconf 74' lang='lat' dir='ltr'><strong>eleg-ists</strong></span> 
     </span>
    </p>
   </div>
   <div class='ocr_carea' id='block_1_4' title="bbox 94 445 968 646">
    <p class='ocr_par' dir='ltr' id='par_1_4' title="bbox 94 445 968 646">
     <span class='ocr_line' id='line_1_5' title="bbox 165 445 968 563; baseline -0.002 -64"><span class='ocrx_word' id='word_1_24' title='bbox 165 453 192 499; x_wconf 79' lang='lat' dir='ltr'><strong>et</strong></span> <span class='ocrx_word' id='word_1_25' title='bbox 201 445 403 512; x_wconf 72' lang='lat' dir='ltr'><strong>contemtibilis,</strong></span> <span class='ocrx_word' id='word_1_26' title='bbox 419 453 487 497; x_wconf 79' lang='lat' dir='ltr'><strong>etea</strong></span> <span class='ocrx_word' id='word_1_27' title='bbox 497 461 564 511; x_wconf 79' lang='lat' dir='ltr'><strong>pose</strong></span> <span class='ocrx_word' id='word_1_28' title='bbox 573 454 841 563; x_wconf 16' lang='lat' dir='ltr'><strong>naassonttonpuom</strong></span> <span class='ocrx_word' id='word_1_29' title='bbox 849 446 919 506; x_wconf 71' lang='grc' dir='ltr'><em>εἰπε,</em></span> <span class='ocrx_word' id='word_1_30' title='bbox 934 454 968 497; x_wconf 79' lang='lat' dir='ltr'><strong>ur</strong></span> 
     </span>
     <span class='ocr_line' id='line_1_6' title="bbox 94 513 968 580; baseline 0 -15"><span class='ocrx_word' id='word_1_31' title='bbox 94 529 97 532; x_wconf 88' lang='lat'>·</span> <span class='ocrx_word' id='word_1_32' title='bbox 165 529 198 565; x_wconf 80' lang='lat' dir='ltr'><strong>ea</strong></span> <span class='ocrx_word' id='word_1_33' title='bbox 211 530 279 580; x_wconf 77' lang='lat' dir='ltr'><strong>qaae</strong></span> <span class='ocrx_word' id='word_1_34' title='bbox 290 521 353 565; x_wconf 77' lang='lat' dir='ltr'><strong>sust</strong></span> <span class='ocrx_word' id='word_1_35' title='bbox 364 527 519 570; x_wconf 64' lang='lat' dir='ltr'><strong>muneres:</strong></span> <span class='ocrx_word' id='word_1_36' title='bbox 537 518 667 563; x_wconf 83' lang='lat' dir='ltr'><strong>ettamen</strong></span> <span class='ocrx_word' id='word_1_37' title='bbox 677 513 750 563; x_wconf 85' lang='lat' dir='ltr'><strong>idem</strong></span> <span class='ocrx_word' id='word_1_38' title='bbox 770 513 968 579; x_wconf 75' lang='lat' dir='ltr'><strong>psaminimus</strong></span> 
     </span>
     <span class='ocr_line' id='line_1_7' title="bbox 164 578 967 646; baseline -0.002 -15"><span class='ocrx_word' id='word_1_39' title='bbox 164 581 357 646; x_wconf 82' lang='lat' dir='ltr'><strong>apostolorum</strong></span> <span class='ocrx_word' id='word_1_40' title='bbox 365 585 549 643; x_wconf 80' lang='lat' dir='ltr'><strong>tuorum,per</strong></span> <span class='ocrx_word' id='word_1_41' title='bbox 559 578 685 631; x_wconf 76' lang='lat' dir='ltr'><strong>csduslin</strong></span> <span class='ocrx_word' id='word_1_42' title='bbox 708 579 893 631; x_wconf 70' lang='lat' dir='ltr'><strong>nan-tonina</strong></span> <span class='ocrx_word' id='word_1_43' title='bbox 901 591 967 629; x_wconf 84' lang='lat' dir='ltr'><strong>rer·</strong></span> 
     </span>
    </p>
   </div>
   <div class='ocr_carea' id='block_1_5' title="bbox 84 645 968 711">
    <p class='ocr_par' dir='ltr' id='par_1_5' title="bbox 84 645 968 711">
     <span class='ocr_line' id='line_1_8' title="bbox 84 645 968 711; baseline 0.001 -16"><span class='ocrx_word' id='word_1_44' title='bbox 84 652 96 661; x_wconf 82' lang='lat'>&#39;</span> <span class='ocrx_word' id='word_1_45' title='bbox 164 648 202 695; x_wconf 87' lang='lat' dir='ltr'><strong>ba</strong></span> <span class='ocrx_word' id='word_1_46' title='bbox 220 647 339 701; x_wconf 83' lang='lat' dir='ltr'><strong>sonuisti</strong></span> <span class='ocrx_word' id='word_1_47' title='bbox 352 645 444 705; x_wconf 84' lang='lat' dir='ltr'><strong>(lCor.</strong></span> <span class='ocrx_word' id='word_1_48' title='bbox 456 646 481 705; x_wconf 92' lang='lat'><strong>1,</strong></span> <span class='ocrx_word' id='word_1_49' title='bbox 491 646 533 695; x_wconf 73' lang='lat' dir='ltr'><strong>rt.</strong></span> <span class='ocrx_word' id='word_1_50' title='bbox 544 648 592 707; x_wconf 75' lang='lat' dir='ltr'><strong>s),</strong></span> <span class='ocrx_word' id='word_1_51' title='bbox 612 660 680 695; x_wconf 78' lang='lat' dir='ltr'><strong>euna</strong></span> <span class='ocrx_word' id='word_1_52' title='bbox 717 646 796 697; x_wconf 82' lang='lat' dir='ltr'><strong>auius</strong></span> <span class='ocrx_word' id='word_1_53' title='bbox 808 646 968 711; x_wconf 75' lang='lat' dir='ltr'><strong>proconsul</strong></span> 
     </span>
    </p>
   </div>
   <div class='ocr_carea' id='block_1_6' title="bbox 88 708 968 1177">
    <p class='ocr_par' dir='ltr' id='par_1_6' title="bbox 88 708 968 1177">
     <span class='ocr_line' id='line_1_9' title="bbox 163 708 968 791; baseline 0.002 -30"><span class='ocrx_word' id='word_1_54' title='bbox 163 709 216 779; x_wconf 82' lang='lat' dir='ltr'><strong>per.</strong></span> <span class='ocrx_word' id='word_1_55' title='bbox 227 714 287 763; x_wconf 85' lang='lat' dir='ltr'><strong>eius</strong></span> <span class='ocrx_word' id='word_1_56' title='bbox 299 711 426 762; x_wconf 83' lang='lat' dir='ltr'><strong>militiam</strong></span> <span class='ocrx_word' id='word_1_57' title='bbox 440 710 580 761; x_wconf 83' lang='lat' dir='ltr'><strong>debellata</strong></span> <span class='ocrx_word' id='word_1_58' title='bbox 591 712 721 776; x_wconf 87' lang='lat' dir='ltr'><strong>superbia</strong></span> <span class='ocrx_word' id='word_1_59' title='bbox 730 708 781 763; x_wconf 84' lang='lat' dir='ltr'><strong>aab</strong></span> <span class='ocrx_word' id='word_1_60' title='bbox 791 712 856 763; x_wconf 88' lang='lat' dir='ltr'><strong>lene</strong></span> <span class='ocrx_word' id='word_1_61' title='bbox 865 712 968 791; x_wconf 66' lang='lat' dir='ltr'><strong>iugum</strong></span> 
     </span>
     <span class='ocr_line' id='line_1_10' title="bbox 135 776 967 845; baseline 0.01 -22"><span class='ocrx_word' id='word_1_62' title='bbox 135 810 142 823; x_wconf 82' lang='grc'><strong><em>,</em></strong></span> <span class='ocrx_word' id='word_1_63' title='bbox 164 776 269 831; x_wconf 78' lang='lat' dir='ltr'><strong>christi</strong></span> <span class='ocrx_word' id='word_1_64' title='bbox 286 779 329 829; x_wconf 88' lang='lat' dir='ltr'><strong>tui</strong></span> <span class='ocrx_word' id='word_1_65' title='bbox 344 778 447 828; x_wconf 79' lang='lat' dir='ltr'><strong>ndssns</strong></span> <span class='ocrx_word' id='word_1_66' title='bbox 465 784 554 840; x_wconf 88' lang='lat' dir='ltr'><strong>esset,</strong></span> <span class='ocrx_word' id='word_1_67' title='bbox 576 778 657 844; x_wconf 76' lang='lat' dir='ltr'><strong>regis</strong></span> <span class='ocrx_word' id='word_1_68' title='bbox 670 780 764 845; x_wconf 82' lang='lat' dir='ltr'><strong>magni</strong></span> <span class='ocrx_word' id='word_1_69' title='bbox 781 778 967 845; x_wconf 76' lang='lat' dir='ltr'><strong>provincialis</strong></span> 
     </span>
     <span class='ocr_line' id='line_1_11' title="bbox 163 843 967 911; baseline 0 -16"><span class='ocrx_word' id='word_1_70' title='bbox 163 843 293 906; x_wconf 85' lang='lat' dir='ltr'><strong>effeetus,</strong></span> <span class='ocrx_word' id='word_1_71' title='bbox 307 844 368 911; x_wconf 88' lang='lat' dir='ltr'><strong>ipse</strong></span> <span class='ocrx_word' id='word_1_72' title='bbox 380 858 491 911; x_wconf 84' lang='lat' dir='ltr'><strong>quoque</strong></span> <span class='ocrx_word' id='word_1_73' title='bbox 504 860 541 897; x_wconf 82' lang='lat' dir='ltr'><strong>ex</strong></span> <span class='ocrx_word' id='word_1_74' title='bbox 552 844 645 911; x_wconf 86' lang='lat' dir='ltr'><strong>priore</strong></span> <span class='ocrx_word' id='word_1_75' title='bbox 656 844 741 897; x_wconf 84' lang='lat' dir='ltr'><strong>Saule</strong></span> <span class='ocrx_word' id='word_1_76' title='bbox 752 843 855 897; x_wconf 85' lang='lat' dir='ltr'><strong>Paulos</strong></span> <span class='ocrx_word' id='word_1_77' title='bbox 865 844 967 895; x_wconf 82' lang='lat' dir='ltr'><strong>vecari</strong></span> 
     </span>
     <span class='ocr_line' id='line_1_12' title="bbox 88 910 965 978; baseline 0.003 -18"><span class='ocrx_word' id='word_1_78' title='bbox 88 930 92 937; x_wconf 59' lang='lat'><strong><em>¹</em></strong></span> <span class='ocrx_word' id='word_1_79' title='bbox 161 912 273 971; x_wconf 75' lang='lat' dir='ltr'><strong>annania,</strong></span> <span class='ocrx_word' id='word_1_80' title='bbox 284 910 319 960; x_wconf 92' lang='lat' dir='ltr'><strong>ob</strong></span> <span class='ocrx_word' id='word_1_81' title='bbox 329 918 385 961; x_wconf 89' lang='lat' dir='ltr'><strong>tam</strong></span> <span class='ocrx_word' id='word_1_82' title='bbox 395 926 512 978; x_wconf 82' lang='lat' dir='ltr'><strong>magnae</strong></span> <span class='ocrx_word' id='word_1_83' title='bbox 522 911 784 977; x_wconf 72' lang='lat' dir='ltr'><strong>insigneniotoriae.</strong></span> <span class='ocrx_word' id='word_1_84' title='bbox 806 910 875 963; x_wconf 88' lang='lat' dir='ltr'><strong>Plus</strong></span> <span class='ocrx_word' id='word_1_85' title='bbox 887 912 965 963; x_wconf 84' lang='lat' dir='ltr'><strong>enim</strong></span> 
     </span>
     <span class='ocr_line' id='line_1_13' title="bbox 144 975 965 1045; baseline 0 -18"><span class='ocrx_word' id='word_1_86' title='bbox 144 975 381 1029; x_wconf 75' lang='lat' dir='ltr'><strong>·bostis&#39;vioeitur</strong></span> <span class='ocrx_word' id='word_1_87' title='bbox 389 978 419 1027; x_wconf 91' lang='lat' dir='ltr'><strong>in</strong></span> <span class='ocrx_word' id='word_1_88' title='bbox 429 992 475 1038; x_wconf 86' lang='lat' dir='ltr'><strong>eo,</strong></span> <span class='ocrx_word' id='word_1_89' title='bbox 487 992 569 1045; x_wconf 81' lang='lat' dir='ltr'><strong>quem</strong></span> <span class='ocrx_word' id='word_1_90' title='bbox 578 978 640 1044; x_wconf 86' lang='lat' dir='ltr'><strong>plus</strong></span> <span class='ocrx_word' id='word_1_91' title='bbox 650 984 740 1041; x_wconf 84' lang='lat' dir='ltr'><strong>tenet,</strong></span> <span class='ocrx_word' id='word_1_92' title='bbox 752 984 780 1028; x_wconf 89' lang='lat' dir='ltr'><strong>et</strong></span> <span class='ocrx_word' id='word_1_93' title='bbox 790 976 892 1044; x_wconf 19' lang='lat' dir='ltr'><strong>deoque</strong></span> <span class='ocrx_word' id='word_1_94' title='bbox 903 978 965 1043; x_wconf 87' lang='lat' dir='ltr'><strong>plu·</strong></span> 
     </span>
     <span class='ocr_line' id='line_1_14' title="bbox 161 1044 964 1111; baseline 0 -16"><span class='ocrx_word' id='word_1_95' title='bbox 161 1057 208 1095; x_wconf 86' lang='lat' dir='ltr'><strong>res</strong></span> <span class='ocrx_word' id='word_1_96' title='bbox 221 1049 310 1095; x_wconf 85' lang='lat' dir='ltr'><strong>tenet:</strong></span> <span class='ocrx_word' id='word_1_97' title='bbox 330 1044 392 1110; x_wconf 90' lang='lat' dir='ltr'><strong>plus</strong></span> <span class='ocrx_word' id='word_1_98' title='bbox 405 1044 643 1111; x_wconf 85' lang='lat' dir='ltr'><strong>autemsuperbos</strong></span> <span class='ocrx_word' id='word_1_99' title='bbox 653 1050 731 1097; x_wconf 84' lang='lat' dir='ltr'><strong>tenet</strong></span> <span class='ocrx_word' id='word_1_100' title='bbox 739 1044 851 1095; x_wconf 88' lang='lat' dir='ltr'><strong>nomine</strong></span> <span class='ocrx_word' id='word_1_101' title='bbox 860 1044 964 1095; x_wconf 87' lang='lat' dir='ltr'><strong>nobili·</strong></span> 
     </span>
     <span class='ocr_line' id='line_1_15' title="bbox 161 1109 963 1177; baseline -0.001 -14"><span class='ocrx_word' id='word_1_102' title='bbox 161 1112 241 1174; x_wconf 76' lang='lat' dir='ltr'><strong>tatis,</strong></span> <span class='ocrx_word' id='word_1_103' title='bbox 256 1110 332 1161; x_wconf 86' lang='lat' dir='ltr'><strong>etde</strong></span> <span class='ocrx_word' id='word_1_104' title='bbox 345 1109 388 1161; x_wconf 87' lang='lat' dir='ltr'><strong>his</strong></span> <span class='ocrx_word' id='word_1_105' title='bbox 402 1111 495 1177; x_wconf 91' lang='lat' dir='ltr'><strong>plures</strong></span> <span class='ocrx_word' id='word_1_106' title='bbox 507 1111 618 1163; x_wconf 85' lang='lat' dir='ltr'><strong>nomine</strong></span> <span class='ocrx_word' id='word_1_107' title='bbox 629 1110 813 1171; x_wconf 71' lang='lat' dir='ltr'><strong>auctoritatis.</strong></span> <span class='ocrx_word' id='word_1_108' title='bbox 849 1110 963 1171; x_wconf 71' lang='lat' dir='ltr'><strong>Quanto</strong></span> 
     </span>
    </p>
   </div>
   <div class='ocr_carea' id='block_1_7' title="bbox 77 1174 963 1245">
    <p class='ocr_par' dir='ltr' id='par_1_7' title="bbox 77 1174 963 1245">
     <span class='ocr_line' id='line_1_16' title="bbox 77 1174 963 1245; baseline 0 -18"><span class='ocrx_word' id='word_1_109' title='bbox 77 1182 85 1187; x_wconf 83' lang='lat'><strong>‘</strong></span> <span class='ocrx_word' id='word_1_110' title='bbox 161 1177 249 1243; x_wconf 83' lang='lat' dir='ltr'><strong>igitur</strong></span> <span class='ocrx_word' id='word_1_111' title='bbox 261 1177 368 1242; x_wconf 56' lang='lat' dir='ltr'><strong>matius</strong></span> <span class='ocrx_word' id='word_1_112' title='bbox 381 1178 562 1245; x_wconf 77' lang='lat' dir='ltr'><strong>cogitabatur</strong></span> <span class='ocrx_word' id='word_1_113' title='bbox 572 1175 752 1245; x_wconf 76' lang='lat' dir='ltr'>[cogebatur]</span> <span class='ocrx_word' id='word_1_114' title='bbox 766 1174 907 1230; x_wconf 75' lang='lat' dir='ltr'><strong>Victorini</strong></span> <span class='ocrx_word' id='word_1_115' title='bbox 915 1186 963 1244; x_wconf 75' lang='lat' dir='ltr'><strong>pe&#39;-</strong></span> 
     </span>
    </p>
   </div>
   <div class='ocr_carea' id='block_1_8' title="bbox 162 1242 980 1442">
    <p class='ocr_par' dir='ltr' id='par_1_8' title="bbox 162 1242 980 1442">
     <span class='ocr_line' id='line_1_17' title="bbox 162 1242 980 1311; baseline 0.004 -19"><span class='ocrx_word' id='word_1_116' title='bbox 162 1250 237 1304; x_wconf 83' lang='lat' dir='ltr'><strong>etus,</strong></span> <span class='ocrx_word' id='word_1_117' title='bbox 262 1242 337 1307; x_wconf 87' lang='lat' dir='ltr'><strong>quod</strong></span> <span class='ocrx_word' id='word_1_118' title='bbox 358 1249 497 1309; x_wconf 77' lang='lat' dir='ltr'><strong>tamquam</strong></span> <span class='ocrx_word' id='word_1_119' title='bbox 518 1243 732 1311; x_wconf 74' lang='lat' dir='ltr'>inexpugnabile</span> <span class='ocrx_word' id='word_1_120' title='bbox 754 1243 980 1310; x_wconf 65' lang='lat' dir='ltr'><strong>receptaculuma</strong></span> 
     </span>
     <span class='ocr_line' id='line_1_18' title="bbox 163 1308 961 1377; baseline 0.003 -18"><span class='ocrx_word' id='word_1_121' title='bbox 163 1308 292 1359; x_wconf 84' lang='lat' dir='ltr'><strong>diabolus</strong></span> <span class='ocrx_word' id='word_1_122' title='bbox 312 1308 483 1371; x_wconf 75' lang='lat' dir='ltr'><strong>obtinuerat,</strong></span> <span class='ocrx_word' id='word_1_123' title='bbox 502 1315 532 1360; x_wconf 85' lang='lat' dir='ltr'><strong>et</strong></span> <span class='ocrx_word' id='word_1_124' title='bbox 550 1309 691 1363; x_wconf 85' lang='lat' dir='ltr'><strong>Victorini</strong></span> <span class='ocrx_word' id='word_1_125' title='bbox 704 1310 812 1377; x_wconf 79' lang='lat' dir='ltr'><strong>lingua,</strong></span> <span class='ocrx_word' id='word_1_126' title='bbox 832 1325 888 1375; x_wconf 87' lang='lat' dir='ltr'><strong>quo</strong></span> <span class='ocrx_word' id='word_1_127' title='bbox 901 1310 961 1361; x_wconf 91' lang='lat' dir='ltr'><strong>telo</strong></span> 
     </span>
     <span class='ocr_line' id='line_1_19' title="bbox 162 1373 961 1442; baseline 0.008 -20"><span class='ocrx_word' id='word_1_128' title='bbox 162 1373 261 1442; x_wconf 69' lang='lat' dir='ltr'><strong>grandi</strong></span> <span class='ocrx_word' id='word_1_129' title='bbox 279 1380 309 1423; x_wconf 89' lang='lat' dir='ltr'><strong>et</strong></span> <span class='ocrx_word' id='word_1_130' title='bbox 317 1379 399 1436; x_wconf 77' lang='lat' dir='ltr'><strong>apoto</strong></span> <span class='ocrx_word' id='word_1_131' title='bbox 418 1375 521 1436; x_wconf 86' lang='lat' dir='ltr'><strong>multos</strong></span> <span class='ocrx_word' id='word_1_132' title='bbox 539 1382 706 1440; x_wconf 76' lang='lat' dir='ltr'><strong>peremerats</strong></span> <span class='ocrx_word' id='word_1_133' title='bbox 725 1382 802 1429; x_wconf 85' lang='lat' dir='ltr'><strong>tanto</strong></span> <span class='ocrx_word' id='word_1_134' title='bbox 821 1376 961 1429; x_wconf 86' lang='lat' dir='ltr'><strong>abundan-</strong></span> 
     </span>
    </p>
   </div>
   <div class='ocr_carea' id='block_1_9' title="bbox 82 1439 960 1512">
    <p class='ocr_par' dir='ltr' id='par_1_9' title="bbox 82 1439 960 1512">
     <span class='ocr_line' id='line_1_20' title="bbox 82 1439 960 1512; baseline 0.002 -20"><span class='ocrx_word' id='word_1_135' title='bbox 82 1500 86 1502; x_wconf 14' lang='lat' dir='ltr'>q</span> <span class='ocrx_word' id='word_1_136' title='bbox 111 1489 120 1495; x_wconf 85' lang='lat'><em>.</em></span> <span class='ocrx_word' id='word_1_137' title='bbox 162 1439 960 1512; x_wconf 67' lang='lat' dir='ltr'><strong>timeatultareoportuitffliostuonquiarexnesterad-</strong></span> 
     </span>
    </p>
   </div>
   <div class='ocr_carea' id='block_1_10' title="bbox 158 1505 959 2712">
    <p class='ocr_par' dir='ltr' id='par_1_10' title="bbox 161 1505 959 1695">
     <span class='ocr_line' id='line_1_21' title="bbox 161 1505 959 1576; baseline 0.005 -18"><span class='ocrx_word' id='word_1_138' title='bbox 161 1507 261 1574; x_wconf 84' lang='lat' dir='ltr'><strong>ligavit</strong></span> <span class='ocrx_word' id='word_1_139' title='bbox 269 1505 381 1572; x_wconf 83' lang='lat' dir='ltr'><strong>fortem,</strong></span> <span class='ocrx_word' id='word_1_140' title='bbox 392 1514 421 1560; x_wconf 82' lang='lat' dir='ltr'><strong>et</strong></span> <span class='ocrx_word' id='word_1_141' title='bbox 430 1509 562 1562; x_wconf 80' lang='lat' dir='ltr'><strong>sidebant</strong></span> <span class='ocrx_word' id='word_1_142' title='bbox 570 1525 637 1561; x_wconf 88' lang='lat' dir='ltr'><strong>vasa</strong></span> <span class='ocrx_word' id='word_1_143' title='bbox 647 1511 706 1562; x_wconf 88' lang='lat' dir='ltr'><strong>eius</strong></span> <span class='ocrx_word' id='word_1_144' title='bbox 717 1516 813 1576; x_wconf 82' lang='lat' dir='ltr'><strong>erepta</strong></span> <span class='ocrx_word' id='word_1_145' title='bbox 821 1511 959 1573; x_wconf 85' lang='lat' dir='ltr'><strong>mundari,</strong></span> 
     </span>
     <span class='ocr_line' id='line_1_22' title="bbox 162 1573 959 1643; baseline 0.005 -19"><span class='ocrx_word' id='word_1_146' title='bbox 162 1582 192 1625; x_wconf 83' lang='lat' dir='ltr'><strong>et</strong></span> <span class='ocrx_word' id='word_1_147' title='bbox 205 1575 294 1643; x_wconf 79' lang='lat' dir='ltr'><strong>aptari</strong></span> <span class='ocrx_word' id='word_1_148' title='bbox 305 1575 335 1625; x_wconf 90' lang='lat' dir='ltr'><strong>in</strong></span> <span class='ocrx_word' id='word_1_149' title='bbox 344 1573 480 1628; x_wconf 80' lang='lat' dir='ltr'><strong>honorem</strong></span> <span class='ocrx_word' id='word_1_150' title='bbox 488 1582 578 1640; x_wconf 87' lang='lat' dir='ltr'><strong>tuum,</strong></span> <span class='ocrx_word' id='word_1_151' title='bbox 593 1583 622 1628; x_wconf 87' lang='lat' dir='ltr'><strong>et</strong></span> <span class='ocrx_word' id='word_1_152' title='bbox 631 1577 693 1628; x_wconf 83' lang='lat' dir='ltr'><strong>deri</strong></span> <span class='ocrx_word' id='word_1_153' title='bbox 703 1577 784 1629; x_wconf 90' lang='lat' dir='ltr'><strong>utilia</strong></span> <span class='ocrx_word' id='word_1_154' title='bbox 792 1575 913 1630; x_wconf 85' lang='lat' dir='ltr'><strong>Domino</strong></span> <span class='ocrx_word' id='word_1_155' title='bbox 923 1579 959 1630; x_wconf 88' lang='lat' dir='ltr'><strong>ad</strong></span> 
     </span>
     <span class='ocr_line' id='line_1_23' title="bbox 161 1643 444 1695; baseline 0.011 -4"><span class='ocrx_word' id='word_1_156' title='bbox 161 1651 243 1692; x_wconf 87' lang='lat' dir='ltr'><strong>omne</strong></span> <span class='ocrx_word' id='word_1_157' title='bbox 254 1658 271 1692; x_wconf 93' lang='lat' dir='ltr'><strong>o</strong></span> <span class='ocrx_word' id='word_1_158' title='bbox 291 1643 444 1695; x_wconf 81' lang='lat' dir='ltr'><strong>usbonum.</strong></span> 
     </span>
    </p>

    <p class='ocr_par' dir='ltr' id='par_1_11' title="bbox 158 1708 956 2712">
     <span class='ocr_line' id='line_1_24' title="bbox 213 1708 956 1764; baseline 0.003 -5"><span class='ocrx_word' id='word_1_159' title='bbox 213 1709 243 1759; x_wconf 82' lang='lat' dir='ltr'><strong>C.</strong></span> <span class='ocrx_word' id='word_1_160' title='bbox 284 1745 291 1760; x_wconf 88' lang='lat'><strong>.</strong></span> <span class='ocrx_word' id='word_1_161' title='bbox 327 1708 383 1761; x_wconf 86' lang='lat' dir='ltr'><strong>Sed</strong></span> <span class='ocrx_word' id='word_1_162' title='bbox 395 1710 444 1762; x_wconf 88' lang='lat' dir='ltr'><strong>ubi</strong></span> <span class='ocrx_word' id='word_1_163' title='bbox 455 1708 524 1761; x_wconf 84' lang='lat' dir='ltr'><strong>mibi</strong></span> <span class='ocrx_word' id='word_1_164' title='bbox 537 1710 620 1762; x_wconf 87' lang='lat' dir='ltr'><strong>homo</strong></span> <span class='ocrx_word' id='word_1_165' title='bbox 634 1715 698 1762; x_wconf 88' lang='lat' dir='ltr'><strong>tuus</strong></span> <span class='ocrx_word' id='word_1_166' title='bbox 713 1709 770 1763; x_wconf 86' lang='lat' dir='ltr'><strong>Sim</strong></span> <span class='ocrx_word' id='word_1_167' title='bbox 790 1710 909 1764; x_wconf 77' lang='lat' dir='ltr'><strong>linianos</strong></span> <span class='ocrx_word' id='word_1_168' title='bbox 923 1711 956 1762; x_wconf 87' lang='lat' dir='ltr'><strong>de</strong></span> 
     </span>
     <span class='ocr_line' id='line_1_25' title="bbox 160 1772 956 1840; baseline 0.003 -14"><span class='ocrx_word' id='word_1_169' title='bbox 160 1772 308 1829; x_wconf 76' lang='lat' dir='ltr'>Victorino</span> <span class='ocrx_word' id='word_1_170' title='bbox 316 1775 373 1826; x_wconf 87' lang='lat' dir='ltr'><strong>ista</strong></span> <span class='ocrx_word' id='word_1_171' title='bbox 378 1777 509 1840; x_wconf 68' lang='lat' dir='ltr'><strong>narravit,</strong></span> <span class='ocrx_word' id='word_1_172' title='bbox 519 1778 609 1829; x_wconf 86' lang='lat' dir='ltr'><strong>exarsi</strong></span> <span class='ocrx_word' id='word_1_173' title='bbox 620 1777 656 1828; x_wconf 85' lang='lat' dir='ltr'><strong>ad</strong></span> <span class='ocrx_word' id='word_1_174' title='bbox 665 1779 761 1830; x_wconf 72' lang='lat' dir='ltr'><strong>inritas</strong></span> <span class='ocrx_word' id='word_1_175' title='bbox 781 1794 836 1830; x_wconf 88' lang='lat' dir='ltr'><strong>um.</strong></span> <span class='ocrx_word' id='word_1_176' title='bbox 852 1779 894 1830; x_wconf 78' lang='lat' dir='ltr'><strong>Ad</strong></span> <span class='ocrx_word' id='word_1_177' title='bbox 903 1777 956 1830; x_wconf 87' lang='lat' dir='ltr'><strong>hoo</strong></span> 
     </span>
     <span class='ocr_line' id='line_1_26' title="bbox 160 1841 955 1911; baseline 0.005 -21"><span class='ocrx_word' id='word_1_178' title='bbox 160 1843 235 1892; x_wconf 80' lang='lat' dir='ltr'><strong>euim</strong></span> <span class='ocrx_word' id='word_1_179' title='bbox 248 1847 277 1892; x_wconf 86' lang='lat' dir='ltr'><strong>et</strong></span> <span class='ocrx_word' id='word_1_180' title='bbox 289 1841 337 1893; x_wconf 89' lang='lat' dir='ltr'><strong>ille</strong></span> <span class='ocrx_word' id='word_1_181' title='bbox 351 1850 520 1896; x_wconf 68' lang='lat' dir='ltr'>narraverat</span> <span class='ocrx_word' id='word_1_182' title='bbox 537 1877 540 1883; x_wconf 70' lang='lat'><em>›</em></span> <span class='ocrx_word' id='word_1_183' title='bbox 555 1844 752 1911; x_wconf 87' lang='lat' dir='ltr'><strong>Posteaquam</strong></span> <span class='ocrx_word' id='word_1_184' title='bbox 766 1859 833 1896; x_wconf 86' lang='lat' dir='ltr'><strong>vero</strong></span> <span class='ocrx_word' id='word_1_185' title='bbox 847 1852 876 1896; x_wconf 82' lang='lat' dir='ltr'><strong>et</strong></span> <span class='ocrx_word' id='word_1_186' title='bbox 888 1845 955 1896; x_wconf 86' lang='lat' dir='ltr'><strong>illud</strong></span> 
     </span>
     <span class='ocr_line' id='line_1_27' title="bbox 161 1907 953 1979; baseline 0.006 -22"><span class='ocrx_word' id='word_1_187' title='bbox 161 1907 280 1970; x_wconf 82' lang='lat' dir='ltr'>addidit,</span> <span class='ocrx_word' id='word_1_188' title='bbox 299 1908 374 1973; x_wconf 89' lang='lat' dir='ltr'><strong>quod</strong></span> <span class='ocrx_word' id='word_1_189' title='bbox 391 1909 569 1976; x_wconf 86' lang='lat' dir='ltr'><strong>Imperatoris</strong></span> <span class='ocrx_word' id='word_1_190' title='bbox 589 1910 689 1962; x_wconf 85' lang='lat' dir='ltr'><strong>iuliani</strong></span> <span class='ocrx_word' id='word_1_191' title='bbox 706 1911 878 1978; x_wconf 75' lang='lat' dir='ltr'><strong>temporibus</strong></span> <span class='ocrx_word' id='word_1_192' title='bbox 891 1911 953 1979; x_wconf 78' lang='lat' dir='ltr'><strong>lege</strong></span> 
     </span>
     <span class='ocr_line' id='line_1_28' title="bbox 160 1972 955 2041; baseline 0.003 -15"><span class='ocrx_word' id='word_1_193' title='bbox 160 1973 227 2026; x_wconf 79' lang='lat' dir='ltr'><strong>data</strong></span> <span class='ocrx_word' id='word_1_194' title='bbox 243 1972 376 2041; x_wconf 82' lang='lat' dir='ltr'><strong>prohibiti</strong></span> <span class='ocrx_word' id='word_1_195' title='bbox 388 1982 452 2026; x_wconf 88' lang='lat' dir='ltr'><strong>sunt</strong></span> <span class='ocrx_word' id='word_1_196' title='bbox 465 1975 615 2028; x_wconf 86' lang='lat' dir='ltr'><strong>Christiani</strong></span> <span class='ocrx_word' id='word_1_197' title='bbox 627 1977 729 2030; x_wconf 86' lang='lat' dir='ltr'><strong>dooere</strong></span> <span class='ocrx_word' id='word_1_198' title='bbox 741 1979 914 2030; x_wconf 86' lang='lat' dir='ltr'><strong>literaturam</strong></span> <span class='ocrx_word' id='word_1_199' title='bbox 927 1985 955 2028; x_wconf 85' lang='lat' dir='ltr'><strong>et</strong></span> 
     </span>
     <span class='ocr_line' id='line_1_29' title="bbox 161 2040 953 2112; baseline 0.01 -24"><span class='ocrx_word' id='word_1_200' title='bbox 161 2040 322 2102; x_wconf 82' lang='lat' dir='ltr'><strong>oratoriam,</strong></span> <span class='ocrx_word' id='word_1_201' title='bbox 330 2055 410 2106; x_wconf 86' lang='lat' dir='ltr'><strong>quaro</strong></span> <span class='ocrx_word' id='word_1_202' title='bbox 419 2042 566 2108; x_wconf 81' lang='lat' dir='ltr'><strong>legemille</strong></span> <span class='ocrx_word' id='word_1_203' title='bbox 573 2043 715 2110; x_wconf 85' lang='lat' dir='ltr'><strong>amplexus</strong></span> <span class='ocrx_word' id='word_1_204' title='bbox 723 2043 868 2112; x_wconf 74' lang='lat' dir='ltr'><strong>loquacem</strong></span> <span class='ocrx_word' id='word_1_205' title='bbox 876 2042 953 2096; x_wconf 84' lang='lat' dir='ltr'><strong>seho-</strong></span> 
     </span>
     <span class='ocr_line' id='line_1_30' title="bbox 159 2103 952 2179; baseline 0.01 -24"><span class='ocrx_word' id='word_1_206' title='bbox 159 2103 216 2156; x_wconf 84' lang='lat' dir='ltr'><strong>lam</strong></span> <span class='ocrx_word' id='word_1_207' title='bbox 226 2104 356 2156; x_wconf 82' lang='lat' dir='ltr'><strong>deserere</strong></span> <span class='ocrx_word' id='word_1_208' title='bbox 365 2107 471 2170; x_wconf 81' lang='lat' dir='ltr'><strong>maluit;</strong></span> <span class='ocrx_word' id='word_1_209' title='bbox 480 2112 773 2175; x_wconf 80' lang='lat' dir='ltr'><strong>quamserbumtuum,</strong></span> <span class='ocrx_word' id='word_1_210' title='bbox 782 2127 836 2178; x_wconf 88' lang='lat' dir='ltr'><strong>quo</strong></span> <span class='ocrx_word' id='word_1_211' title='bbox 844 2111 952 2179; x_wconf 79' lang='lat' dir='ltr'><strong>linguas</strong></span> 
     </span>
     <span class='ocr_line' id='line_1_31' title="bbox 158 2169 951 2246; baseline 0.01 -24"><span class='ocrx_word' id='word_1_212' title='bbox 158 2169 307 2223; x_wconf 74' lang='lat' dir='ltr'><strong>infantium</strong></span> <span class='ocrx_word' id='word_1_213' title='bbox 321 2171 392 2224; x_wconf 80' lang='lat' dir='ltr'><strong>iacis</strong></span> <span class='ocrx_word' id='word_1_214' title='bbox 405 2174 538 2226; x_wconf 83' lang='lat' dir='ltr'><strong>disertas:</strong></span> <span class='ocrx_word' id='word_1_215' title='bbox 557 2191 613 2228; x_wconf 87' lang='lat' dir='ltr'><strong>non</strong></span> <span class='ocrx_word' id='word_1_216' title='bbox 625 2177 694 2228; x_wconf 77' lang='lat' dir='ltr'><strong>milri</strong></span> <span class='ocrx_word' id='word_1_217' title='bbox 705 2175 809 2230; x_wconf 78' lang='lat' dir='ltr'><strong>fortior</strong></span> <span class='ocrx_word' id='word_1_218' title='bbox 821 2193 902 2246; x_wconf 85' lang='lat' dir='ltr'><strong>quam</strong></span> <span class='ocrx_word' id='word_1_219' title='bbox 913 2177 951 2230; x_wconf 85' lang='lat' dir='ltr'><strong>fe·</strong></span> 
     </span>
     <span class='ocr_line' id='line_1_32' title="bbox 158 2235 950 2319; baseline 0.011 -32"><span class='ocrx_word' id='word_1_220' title='bbox 158 2235 242 2288; x_wconf 86' lang='lat' dir='ltr'><strong>lieior</strong></span> <span class='ocrx_word' id='word_1_221' title='bbox 249 2238 385 2317; x_wconf 66' lang='lat' dir='ltr'><strong>risusest,</strong></span> <span class='ocrx_word' id='word_1_222' title='bbox 393 2241 458 2319; x_wconf 74' lang='lat' dir='ltr'><strong>quia</strong></span> <span class='ocrx_word' id='word_1_223' title='bbox 466 2242 572 2294; x_wconf 84' lang='lat' dir='ltr'><strong>invonit</strong></span> <span class='ocrx_word' id='word_1_224' title='bbox 583 2246 758 2296; x_wconf 73' lang='lat' dir='ltr'><strong>occasionem</strong></span> <span class='ocrx_word' id='word_1_225' title='bbox 767 2244 885 2302; x_wconf 85' lang='lat' dir='ltr'><strong>vacandi</strong></span> <span class='ocrx_word' id='word_1_226' title='bbox 893 2245 950 2296; x_wconf 87' lang='lat' dir='ltr'><strong>tibi.</strong></span> 
     </span>
     <span class='ocr_line' id='line_1_33' title="bbox 160 2303 951 2376; baseline 0.011 -23"><span class='ocrx_word' id='word_1_227' title='bbox 160 2303 212 2355; x_wconf 81' lang='lat' dir='ltr'><strong>Cui</strong></span> <span class='ocrx_word' id='word_1_228' title='bbox 220 2319 261 2354; x_wconf 87' lang='lat' dir='ltr'><strong>rer</strong></span> <span class='ocrx_word' id='word_1_229' title='bbox 272 2319 326 2372; x_wconf 79' lang='lat' dir='ltr'><strong>ego</strong></span> <span class='ocrx_word' id='word_1_230' title='bbox 335 2309 507 2373; x_wconf 72' lang='lat' dir='ltr'><strong>suspirabam</strong></span> <span class='ocrx_word' id='word_1_231' title='bbox 518 2310 630 2376; x_wconf 84' lang='lat' dir='ltr'><strong>ligatus,</strong></span> <span class='ocrx_word' id='word_1_232' title='bbox 641 2327 696 2363; x_wconf 88' lang='lat' dir='ltr'><strong>noo</strong></span> <span class='ocrx_word' id='word_1_233' title='bbox 705 2310 780 2362; x_wconf 83' lang='lat' dir='ltr'><strong>ferro</strong></span> <span class='ocrx_word' id='word_1_234' title='bbox 790 2311 893 2374; x_wconf 85' lang='lat' dir='ltr'><strong>alieno,</strong></span> <span class='ocrx_word' id='word_1_235' title='bbox 903 2309 951 2376; x_wconf 78' lang='lat' dir='ltr'><strong>sed</strong></span> 
     </span>
     <span class='ocr_line' id='line_1_34' title="bbox 158 2370 950 2441; baseline 0.01 -19"><span class='ocrx_word' id='word_1_236' title='bbox 158 2370 323 2423; x_wconf 73' lang='lat' dir='ltr'><strong>meatemea</strong></span> <span class='ocrx_word' id='word_1_237' title='bbox 333 2373 481 2427; x_wconf 80' lang='lat' dir='ltr'><strong>voluntate.</strong></span> <span class='ocrx_word' id='word_1_238' title='bbox 501 2375 583 2428; x_wconf 87' lang='lat' dir='ltr'><strong>Velle</strong></span> <span class='ocrx_word' id='word_1_239' title='bbox 594 2378 950 2441; x_wconf 77' lang='lat' dir='ltr'><strong>maurateuebatinimiour‚</strong></span> 
     </span>
     <span class='ocr_line' id='line_1_35' title="bbox 159 2437 949 2497; baseline 0.01 -9"><span class='ocrx_word' id='word_1_240' title='bbox 159 2443 188 2488; x_wconf 86' lang='lat' dir='ltr'><strong>et</strong></span> <span class='ocrx_word' id='word_1_241' title='bbox 205 2437 270 2490; x_wconf 86' lang='lat' dir='ltr'><strong>inde</strong></span> <span class='ocrx_word' id='word_1_242' title='bbox 287 2438 356 2490; x_wconf 87' lang='lat' dir='ltr'><strong>mibi</strong></span> <span class='ocrx_word' id='word_1_243' title='bbox 374 2448 500 2492; x_wconf 79' lang='lat' dir='ltr'><strong>catenam</strong></span> <span class='ocrx_word' id='word_1_244' title='bbox 517 2441 625 2493; x_wconf 84' lang='lat' dir='ltr'><strong>fecerat</strong></span> <span class='ocrx_word' id='word_1_245' title='bbox 643 2451 672 2495; x_wconf 86' lang='lat' dir='ltr'><strong>et</strong></span> <span class='ocrx_word' id='word_1_246' title='bbox 683 2445 888 2497; x_wconf 71' lang='lat' dir='ltr'><strong>oonstmnxerat</strong></span> <span class='ocrx_word' id='word_1_247' title='bbox 898 2459 949 2496; x_wconf 83' lang='lat' dir='ltr'><strong>ms.</strong></span> 
     </span>
     <span class='ocr_line' id='line_1_36' title="bbox 159 2503 949 2574; baseline 0.011 -20"><span class='ocrx_word' id='word_1_248' title='bbox 159 2503 269 2573; x_wconf 74' lang='lat' dir='ltr'><strong>Quippe</strong></span> <span class='ocrx_word' id='word_1_249' title='bbox 287 2519 326 2560; x_wconf 85' lang='lat' dir='ltr'><strong>ex</strong></span> <span class='ocrx_word' id='word_1_250' title='bbox 346 2508 515 2558; x_wconf 83' lang='lat' dir='ltr'><strong>voluntate</strong></span> <span class='ocrx_word' id='word_1_251' title='bbox 534 2519 688 2574; x_wconf 73' lang='lat' dir='ltr'><strong>perversa</strong></span> <span class='ocrx_word' id='word_1_252' title='bbox 705 2510 795 2563; x_wconf 81' lang='lat' dir='ltr'><strong>faeta</strong></span> <span class='ocrx_word' id='word_1_253' title='bbox 811 2517 863 2564; x_wconf 85' lang='lat' dir='ltr'><strong>est</strong></span> <span class='ocrx_word' id='word_1_254' title='bbox 880 2511 949 2563; x_wconf 85' lang='lat' dir='ltr'><strong>libi-</strong></span> 
     </span>
     <span class='ocr_line' id='line_1_37' title="bbox 159 2569 950 2640; baseline 0.015 -20"><span class='ocrx_word' id='word_1_255' title='bbox 159 2569 213 2633; x_wconf 88' lang='lat' dir='ltr'><strong>do;</strong></span> <span class='ocrx_word' id='word_1_256' title='bbox 231 2579 264 2623; x_wconf 90' lang='lat' dir='ltr'><strong>et</strong></span> <span class='ocrx_word' id='word_1_257' title='bbox 286 2573 358 2624; x_wconf 91' lang='lat' dir='ltr'><strong>dum</strong></span> <span class='ocrx_word' id='word_1_258' title='bbox 379 2576 523 2627; x_wconf 83' lang='lat' dir='ltr'><strong>servitur</strong></span> <span class='ocrx_word' id='word_1_259' title='bbox 545 2575 690 2640; x_wconf 87' lang='lat' dir='ltr'><strong>libidini,</strong></span> <span class='ocrx_word' id='word_1_260' title='bbox 708 2577 798 2630; x_wconf 84' lang='lat' dir='ltr'><strong>facta</strong></span> <span class='ocrx_word' id='word_1_261' title='bbox 815 2583 865 2630; x_wconf 87' lang='lat' dir='ltr'><strong>est</strong></span> <span class='ocrx_word' id='word_1_262' title='bbox 881 2593 950 2632; x_wconf 86' lang='lat' dir='ltr'><strong>ooo·</strong></span> 
     </span>
     <span class='ocr_line' id='line_1_38' title="bbox 158 2638 950 2712; baseline 0.018 -26"><span class='ocrx_word' id='word_1_263' title='bbox 158 2638 308 2704; x_wconf 80' lang='lat' dir='ltr'><strong>suetud03</strong></span> <span class='ocrx_word' id='word_1_264' title='bbox 326 2647 359 2692; x_wconf 86' lang='lat' dir='ltr'><strong>et</strong></span> <span class='ocrx_word' id='word_1_265' title='bbox 374 2642 445 2694; x_wconf 86' lang='lat' dir='ltr'><strong>dum</strong></span> <span class='ocrx_word' id='word_1_266' title='bbox 457 2641 688 2698; x_wconf 83' lang='lat' dir='ltr'><strong>consuetudini</strong></span> <span class='ocrx_word' id='word_1_267' title='bbox 699 2646 950 2712; x_wconf 79' lang='lat' dir='ltr'><strong>non-resistitur,</strong></span> 
     </span>
    </p>
   </div>
   <div class='ocr_carea' id='block_1_11' title="bbox 0 0 1030 2925">
    <p class='ocr_par' dir='ltr' id='par_1_12' title="bbox 0 0 1030 2925">
     <span class='ocr_line' id='line_1_39' title="bbox 0 0 1030 2925; baseline 0 2"><span class='ocrx_word' id='word_1_268' title='bbox 0 0 1030 2925; x_wconf 95' lang='lat' dir='ltr'><strong> </strong></span> 
     </span>
    </p>
   </div>
  </div>
 </body>
</html>
