2050 2925
58 1631 63 1641 ,
105 1625 110 1634 -
152 1587 631 1655 nntenfnerit,se‹ideconcreatum

146 162 198 215 nso
335 126 505 213 sunnon
522 158 744 212 nucusruu
787 164 791 175 ¹

145 265 198 316 bus
208 262 310 315 faeiem
318 269 411 313 terrae
421 248 564 324 decorari3
581 258 806 328 hominemque
822 262 863 312 ud
874 262 951 313 ima·

147 334 257 399 ginem
267 337 299 381 et
311 328 564 380 similitudinem
576 329 800 379 tuamcunctis
815 329 951 379 irratio·

148 398 280 449 nulibus
296 394 516 456 animantibus
532 397 604 460 ipso
622 400 678 444 tua
693 394 892 461 imagineae
911 396 953 447 si-

146 464 344 525 militudine,
370 460 429 513 hoc
453 469 514 524 est,
538 461 681 511 rationis
705 468 739 512 et
759 462 953 529 intelligen-

147 532 218 582 tiae
231 532 354 581 virtute
368 528 540 595 praeponi:
559 526 832 595 etquemadmodum
847 530 876 579 in
889 530 952 579 eius

148 600 242 649 anima
252 596 329 647 uliud
342 602 396 656 est,
410 594 486 660 quod
496 593 667 645 consulendo
679 593 851 657 dominatur,
863 596 951 657 uliud,

148 664 224 731 quod
237 663 376 722 subditur,
394 668 426 712 ut
439 659 624 725 obtemperet3
643 660 684 710 sic
696 662 757 712 viro
770 660 874 712 fuctum
887 676 952 713 esse

148 732 234 781 etiam
244 727 429 795 corporaliter
435 725 579 787 feminam,
593 741 664 791 quae
674 724 790 778 haberet
801 729 915 795 quidem
924 729 953 778 in

148 801 241 850 mente
254 793 399 845 rationalis
408 792 613 859 intelligentiae
624 807 720 857 parem
729 800 867 859 optutum,
881 808 953 845 sexu

149 870 242 913 tumen
269 874 302 910 oo
338 860 395 910 oris
416 862 458 910 ita
477 858 631 910 masculino
654 862 734 911 sexui
757 860 953 923 subiiceretur‚

151 927 316 995 quemadmo
336 942 382 977 um
395 927 542 977 subiicitur
553 925 693 991 adpetitus
706 927 824 978 sotionis
839 928 875 978 ad
887 932 953 979 con·

153 994 311 1061 cipiendum
320 994 354 1044 de
365 996 474 1044 ratione
483 994 585 1045 mentis
595 998 673 1043 recte
684 993 786 1059 agendi
795 994 951 1045 solertium.

152 1061 288 1112 Videmus
298 1060 367 1111 haec
377 1067 406 1111 et
415 1059 527 1126 singula
535 1059 618 1122 bona,
630 1064 658 1109 ct
669 1060 761 1110 omnin
769 1060 944 1111 bonavulde.

205 1128 235 1178 C.
249 1126 376 1179 xxxiii.
405 1126 541 1177 Laudent
556 1131 584 1176 te
605 1140 690 1191 opera
707 1132 768 1189 tus,
787 1133 819 1177 ut
829 1142 953 1179 amemus

153 1201 195 1257 te;
214 1200 244 1245 et
255 1207 377 1244 amemus
390 1199 433 1254 te,
447 1198 479 1243 ut
491 1192 605 1244 laudent
617 1198 644 1242 te
655 1206 742 1257 opera
750 1199 811 1255 tua,
824 1209 896 1259 quae
907 1192 953 1243 lra-

153 1260 221 1310 bent
231 1260 341 1318 initium
350 1265 380 1309 et
388 1260 471 1311 tinem
481 1273 518 1310 ex
526 1265 663 1324 tompore,
675 1265 764 1309 ortum
775 1264 803 1309 ct
814 1274 953 1321 occasum,

173 1324 311 1375 roiectum
320 1330 349 1373 et
358 1323 507 1386 deiectum,
518 1328 640 1389 speciem
650 1332 678 1375 et
687 1325 879 1391 privationem.
897 1326 952 1378 lla·

152 1342 220 1443 {ent
238 1403 307 1457 ergo
326 1391 528 1456 consequentia
543 1405 623 1441 mane
639 1398 667 1442 ct
679 1406 728 1443 ves
749 1406 836 1454 erant,
854 1394 954 1460 purtim

139 1458 287 1520 latenter,
329 1456 585 1510 artim‘evidenter.
619 1456 663 1510 De
682 1458 773 1512 nihilo
789 1460 862 1512 enim
880 1477 899 1512 n
916 1470 953 1524 te,

154 1526 256 1586 nonde
266 1531 294 1576 te
304 1473 465 1590 Recensum
481 1540 536 1575 non
548 1525 582 1576 tle
593 1525 686 1642 ulipuo
695 1541 751 1578 non
760 1533 818 1590 tun,
827 1528 874 1578 rel
883 1543 952 1594 qune

659 1599 712 1656 est,
723 1594 868 1644 simulate
880 1609 952 1645 crea·

153 1660 317 1721 monaterio,
328 1657 394 1726 quic
403 1659 463 1710 eius
472 1657 672 1710 informitatem
682 1661 742 1710 sine
754 1659 812 1710 ulla
819 1662 952 1726 temporis

133 1727 369 1794 „interpositione
390 1723 528 1776 formasti.
563 1721 639 1790 Nam!
651 1740 722 1776 curn
731 1726 808 1779 uliud
825 1727 863 1777 sit
881 1727 953 1778 coeli

148 1800 185 1848 ,et
194 1800 285 1844 terrae
295 1793 439 1854 materies,
453 1790 529 1842 uliud
539 1791 611 1842 coeli
622 1798 651 1842 ct
658 1797 751 1843 terrae
762 1793 884 1859 species,
897 1808 952 1844 mn·

153 1861 253 1913 teriern
266 1860 378 1926 quidem
392 1858 427 1910 (le
442 1858 553 1909 omnino
569 1856 669 1920 nihilo,
686 1861 780 1910 mundi
790 1865 883 1911 autern
893 1875 952 1926 spe·

141 1911 227 1976 Nciem
240 1926 274 1979 (le
289 1925 403 1976 informi
414 1925 544 1987 materia,
558 1924 640 1975 simul
652 1930 743 1976 tumen
758 1932 904 1993 utrumque
914 1925 951 1977 ie·

153 1992 231 2055 cisti,
245 1998 279 2042 ut
290 1993 435 2042 materiem
447 1989 540 2042 formu
550 1990 627 2042 nulla
638 2006 732 2042 morse
744 1992 951 2060 intercapedine

66 2066 73 2072 ‘
153 2062 326 2124 sequeretur.

204 2125 234 2174 c.
248 2120 375 2178 xxxiv.
409 2124 582 2190 inspeximus
596 2124 690 2185 etism,
711 2130 825 2192 propter
837 2139 952 2194 quorum

153 2190 350 2258 figurationem
362 2190 418 2240 ista
430 2191 536 2242 veltuli
546 2190 643 2241 ordine
653 2191 727 2253 lieri,
740 2192 786 2242 vel
793 2192 844 2242 tuli
856 2191 950 2243 ordine

153 2258 240 2308 scribi
248 2257 374 2319 voluisti,
384 2263 413 2308 et
423 2258 553 2321 vidimus,
565 2259 629 2325 quio
637 2257 711 2310 bona
721 2263 784 2322 sunt
793 2259 913 2326 singula,
923 2265 950 2310 et

151 2324 247 2373 omnia
255 2324 330 2373 bonu
338 2324 419 2374 vnlde
427 2324 457 2374 in
467 2323 561 2378 Verbo
572 2331 630 2386 tuo,
641 2325 669 2374 in
677 2327 758 2376 unico
769 2331 831 2387 tuo,
843 2326 949 2380 coelum

154 2396 183 2436 et
192 2392 306 2449 terram,
320 2396 402 2455 caput
411 2395 441 2439 et
450 2403 551 2454 corpus
563 2391 712 2454 ecclesiae,
725 2391 753 2440 in
763 2391 950 2457 praedestina-

154 2453 232 2504 tione
251 2462 315 2504 ante
334 2457 427 2504 omnia
444 2460 582 2519 tempora,
602 2457 662 2507 sinc
680 2471 759 2507 mone
779 2463 809 2508 et
829 2467 949 2524 vespero

154 2517 207 2566 Uiri
221 2525 315 2569 cutem
329 2520 448 2586 coepisti
456 2519 665 2584 praedestinata
674 2523 868 2588 temporaliter
878 2539 950 2576 erse·

155 2583 217 2644 qui,
232 2589 263 2632 ut
276 2584 388 2635 occultu
398 2584 604 2654 manifestares,
618 2595 647 2639 et
661 2591 849 2656 incomposite
861 2597 952 2643 nostru

155 2657 338 2712 componeres
352 2652 495 2719 (quoniam
514 2667 598 2719 super
616 2669 668 2707 nos
688 2662 767 2708 erunt
779 2662 896 2724 peccate
907 2673 951 2711 uo-
