2050 2925
97 113 191 183 'ne
336 98 744 185 nunenn‘nooosrrnr

141 244 296 294 amorem,
314 247 353 283 ne
370 224 500 288 fiducia
515 234 564 283 sui
577 232 862 299 progrederentur
874 230 951 281 lon-

140 301 227 368 gius,
244 300 302 349 sed
319 302 433 366 potius
449 298 702 353 infirmarentur
718 300 875 350 videntes
893 312 950 351 en-

138 370 172 415 te
186 367 285 431 pedes
299 382 380 419 suos
392 364 554 417 infirmem
568 366 775 417 divinitatem
788 378 827 415 ex
839 366 956 431 parti-¹

140 434 309 499 cipetione
321 435 457 498 tunicae
470 432 633 499 pelliceae
648 438 839 493 nostramet
854 432 947 481 lassi

55 502 61 557 ζ
140 505 436 565 prosternerentur
446 500 481 550 in
499 513 580 561 eam,
598 498 947 565 illeauteineurgens

31 1768 35 1784 '
129 1776 221 1825 .vere;
239 1777 311 1813 nunc
330 1761 424 1831 aliquo
443 1777 460 1812 a

140 566 269 618 levaret
284 580 350 616 eos.
774 602 779 608 .

194 632 225 681 C.
240 630 315 681 xlx.
350 630 374 681 Ε
395 644 411 682 o
430 645 498 683 vero
518 631 594 697 eliud
611 633 755 701 putabem,
777 635 948 697 tantumque

142 699 295 749 sentiebam
317 698 352 750 de
402 700 496 750 omino
519 697 630 749 Christo
654 711 730 760 meo,
752 703 886 764 quantum
908 698 947 749 de

142 764 544 830 excellentissapientiaeriro,
552 765 697 817 cuinullus
707 769 805 831 posset
814 766 947 830 aequam

140 832 317 897 praesertim,
338 833 406 895 quie
423 832 589 883 entabiliter
606 838 688 895 natus
708 846 744 882 ex
760 832 884 896 virgine,
908 832 947 881 ad

96 946 99 949 .
141 896 298 961 exemplum
308 896 580 948 eosdemnendorum
591 896 785 963 temporalium
794 910 845 963 pro
855 896 951 960 adipi·

142 964 246 1015 seenda
257 964 480 1026 immortalitate,
495 964 588 1015 divina
599 976 650 1029 pro
664 964 746 1013 nobis
760 977 827 1015 cura
836 969 947 1027 tentam

142 1030 340 1083 auotoritetem
357 1032 514 1097 magisterii
526 1032 662 1081 meruisse
676 1030 832 1081 videbatur.
869 1030 946 1089 Quid

141 1103 237 1149 autem
248 1100 416 1149 sacramenti
428 1095 544 1149 haberet
557 1094 681 1148 Verbum
693 1110 759 1148 earo
772 1094 892 1159 factum,
907 1110 946 1147 ne

143 1166 282 1229 suspirari
290 1164 401 1230 quidem
410 1170 544 1231 poteram.
580 1164 899 1228 Tantumeogneversm
908 1178 946 1215 ex

141 1232 187 1291 iis,
196 1243 267 1297 quae
277 1230 312 1279 de
321 1230 373 1291 illo
384 1232 489 1295 scripto
497 1228 682 1291 traderentur,
693 1231 759 1297 quia
767 1230 947 1281 manducavit

138 1302 171 1365 et
179 1296 261 1355 bibit,
271 1293 415 1355 dormivit,
425 1295 584 1357 ambulavit,
595 1294 765 1349 exhilaratus
776 1302 829 1358 est,
840 1298 945 1347 contri-

92 1387 95 1402 1
142 1366 232 1411 status
242 1365 299 1421 est,
312 1362 513 1411 sermocinatus
525 1367 578 1423 est,
588 1376 645 1413 non
654 1360 779 1413 haesisse
789 1364 944 1414 carnemil·

142 1426 301 1479 lamVerbo
314 1431 378 1490 tuo,
396 1428 452 1478 nisi
468 1440 532 1488 oum
550 1429 642 1480 anima
660 1435 688 1480 et
706 1435 799 1482 mente
814 1427 944 1482 hnmana.

140 1493 226 1545 Novit
235 1491 289 1545 hoo
299 1495 451 1560 omnis,qui
459 1496 538 1546 norit
546 1495 944 1548 incommutabilitatemverbi

140 1562 197 1622 tui,
211 1574 293 1627 quem
307 1573 362 1626 ego
371 1563 428 1612 iam
435 1574 582 1622 noueram,
596 1568 728 1628 quantum
737 1568 875 1629 poteram,
890 1577 943 1616 nee

80 1678 92 1685 ,
143 1629 255 1678 ormino
264 1629 413 1694 quidquem
420 1627 487 1678 inde
494 1628 663 1680 dubitabam.
682 1629 793 1680 Etenim
802 1645 875 1680 nuno
885 1643 941 1680 mo·

142 1696 341 1746 reremembra
352 1694 726 1812 corporigpervoluntatem,
736 1711 809 1748 nuno
819 1710 875 1746 non
884 1711 942 1748 mo·
962 1765 968 1770 ,

492 1767 557 1814 ectu
574 1761 671 1824 adici,
690 1776 833 1814 euoenon
846 1763 942 1826 edici3

142 1843 215 1880 nune
229 1827 357 1894 proferre
369 1844 420 1900 per
433 1832 515 1896 sigua
527 1829 667 1895 sapientes
683 1830 849 1891 sententies,
868 1845 941 1882 nune

143 1907 206 1947 esse
215 1893 245 1944 in
254 1895 381 1946 silentio:
396 1899 508 1962 propria
518 1901 582 1946 sunt
590 1893 784 1948 mutabilitatis
793 1896 901 1947 animae
911 1902 942 1946 et

142 1960 253 2010 mentis.
289 1960 366 2020 Quae
379 1963 405 2012 si
416 1961 489 2013 falsa
499 1962 534 2012 de
547 1962 597 2013 illo
613 1965 717 2028 seripta
731 1967 837 2024 essent,
857 1964 941 2014 etiam

144 2028 237 2077 naenia
245 2026 471 2091 periclitarentur
480 2028 635 2090 mendacio,
646 2042 735 2094 neque
744 2030 774 2080 in
784 2029 840 2080 illie
849 2028 940 2080 literis

135 2092 201 2142 ulla
210 2091 277 2143 idei
286 2093 360 2142 salus
371 2097 468 2159 generi
477 2093 595 2147 humano
606 2101 772 2148 rennueret.
809 2095 940 2154 Quinim-

80 2195 84 2200 -
143 2172 196 2224 que
215 2171 281 2208 vera
300 2161 499 2225 scriptarum,
517 2167 608 2216 toturn
627 2160 767 2214 hominem
785 2161 815 2213 in
829 2159 940 2214 Christo

101 2281 105 2288 ¹
142 2224 342 2291 agnoscebam
361 2240 417 2276 non
429 2243 531 2296 eorpus
546 2235 653 2281 tentum
664 2227 796 2290 hominis,
817 2234 866 2280 eut
878 2243 940 2280 oum

143 2303 261 2357 corpore
280 2292 341 2341 sine
359 2299 451 2344 mente
469 2297 601 2358 nmmum,
621 2297 672 2348 sed
689 2297 780 2363 ipsum
793 2293 939 2347 nunonem.

44 2413 49 2419 ‚
143 2356 206 2408 Non
224 2368 344 2423 persona
357 2361 498 2424 veritatis,
517 2363 568 2412 sed
581 2377 682 2428 magna
694 2363 812 2430 quedem
824 2367 939 2414 naturae

113 2482 127 2499 l
144 2421 279 2475 huniauae
298 2426 478 2488 excellentia,
497 2433 526 2478 et
543 2427 713 2492 perfectiore
726 2431 938 2497 participatione

143 2492 297 2556 supientiae
307 2490 444 2558 praeferri
453 2495 573 2545 caeteris
584 2495 746 2548 arbitrabar.
768 2497 884 2563 Alypius
894 2511 939 2548 au·

70 2595 75 2608 „
142 2559 199 2605 tem
211 2557 301 2609 Deum
311 2573 394 2609 earne
403 2559 528 2610 indutum
538 2562 578 2611 ita
587 2563 701 2625 putebat
712 2563 789 2614 credi
798 2578 816 2613 a
824 2561 940 2614 catholi-

141 2622 197 2685 eis,
209 2629 240 2674 ut
251 2631 365 2691 praeter
376 2624 466 2677 Deum
479 2632 507 2676 et
517 2639 628 2680 carnem
638 2643 694 2680 non
704 2630 818 2680 essetis
828 2627 939 2682 Christo
