2050 2925
136 107 187 159 120
268 86 777 160 ..nunncniucusmm
836 138 839 144 .
924 71 927 73 ’

136 205 546 323 quedistinguerem‚‹puid
558 206 946 270 interessetinterprse·

136 276 354 339 sumptionem
366 279 399 324 et
412 287 471 325 con
491 274 665 335 essionem,
682 274 769 324 inter
783 272 944 321 videntes

136 354 199 407 quo
209 340 346 394 eundum
358 342 411 401 sit,
421 353 480 390 nee
492 339 645 391 videntes
659 353 728 405 qus,
740 343 772 389 et
784 340 871 389 viam
883 337 946 391 du-

136 404 946 471 centemsdbeatificampatriamnontsntumoer-

137 474 286 536 nondam,
304 473 361 523 sed
375 479 407 522 et
420 470 643 523 habitandomi
659 470 730 522 Nam
739 473 764 522 si
773 472 864 538 primo
876 484 945 521 san·

62 590 73 597 .
137 536 945 599 ctistuisiiterisinformatnsessem,etineammiamilia·

134 608 221 657 ritate
237 606 429 657 obdulcuisses
442 602 525 666 mihi,
540 610 568 655 et
581 609 681 671 postes
694 606 724 655 in
737 604 787 655 illa
797 603 946 655 volumina

137 670 945 736 incidissem,fortssscsutobpipuissentmeosolidsmen-

137 745 169 789 to
179 740 305 805 pietatis3
322 743 370 790 out
378 738 441 787 siin
451 736 574 799 adfectu,
584 751 666 803 quem
675 736 945 798 salubrem-imbibe-

137 819 198 855 ram
203 832 217 866 ,›
224 806 423 871 perstitissem,
435 809 563 870 putarem
575 806 659 853 etiam
674 802 775 853 exiliis
784 803 866 853 libris
877 816 945 853 sum

67 891 75 903 ¹
136 884 223 936 posse
232 869 351 935 concipi,
361 872 387 921 si
395 883 445 921 eos
457 870 534 920 solos
545 872 688 937 quisquam
699 868 854 921 didicisset.

145 983 148 989 .
169 951 176 955 ·
190 937 221 988 G.
235 936 311 987 xxi.
329 967 332 974 ·
346 936 442 1003 ltaque
454 936 615 987 aridissime
629 935 738 1002 adripui
749 935 944 987 venerabilem

139 1005 235 1055 stilum
248 1004 362 1071 spiritus
374 1005 429 1066 tui,
444 1010 473 1056 et
484 1014 551 1068 prae
564 1002 683 1053 caeteris
695 1002 854 1069 apostolum
869 1001 944 1053 Pau·

139 1070 205 1122 inm.
239 1071 276 1121 Et
286 1072 429 1137 perierunt
437 1070 503 1120 iliae
515 1069 707 1135 quaestiones,
720 1071 750 1119 in
760 1070 861 1135 quibus
871 1066 944 1119 niihi

140 1138 380 1204 aliquandovimis
390 1136 586 1188 sstodserssri
596 1136 662 1197 sibi,
679 1140 708 1185 et
717 1149 773 1185 non
783 1148 942 1201 congruere

138 1204 309 1260 testimoniis
332 1203 404 1269 legis
424 1209 454 1253 et
476 1199 674 1267 prophetarum
689 1207 783 1253 textus
802 1203 943 1252 semnonis

140 1270 210 1319 eius.
240 1269 415 1333 Etedparuit
423 1267 491 1319 mihi
500 1283 556 1318 uno
565 1266 652 1319 facies
663 1269 839 1337 eloquiorum
849 1273 943 1319 custo-

140 1348 214 1395 rnm,
228 1340 257 1386 et
269 1334 410 1385 exsultare
424 1349 488 1385 oum
495 1338 617 1384 tremore
628 1334 722 1387 didici.
756 1334 793 1384 Et
802 1334 897 1400 coepi,
911 1342 943 1385 et

140 1402 247 1464 inveni,
255 1401 398 1468 ‘quidquid
406 1401 472 1452 illac
481 1411 577 1451 verum
586 1400 721 1468 legeram,
732 1397 784 1451 hoc
794 1416 857 1451 cum
866 1414 940 1451 oom-

135 1466 318 1526 ,mondotiono
332 1467 604 1534 gratisetuaedici,
619 1474 649 1518 ut
667 1468 715 1535 qui
728 1468 819 1529 videt,
832 1481 888 1518 non
897 1469 941 1519 sic

140 1534 292 1600 glorietur,
305 1535 385 1602 quasi
398 1550 454 1593 non
466 1535 619 1602 acceperit,
634 1548 691 1586 non
703 1534 794 1586 solum
803 1534 846 1596 id,
865 1533 942 1600 quod

139 1602 230 1664 videt,
244 1603 295 1654 sed
305 1603 389 1654 etiam
397 1607 428 1652 ut
436 1601 612 1668 yidestmuid
622 1601 696 1654 enim
704 1599 789 1652 hebet
799 1600 874 1668 quod
884 1615 940 1650 non

140 1669 275 1735 occepitt)
291 1675 319 1720 et
328 1675 407 1730 utto,
418 1668 465 1735 qni
475 1683 506 1720 es
516 1683 625 1736 semper
633 1669 717 1732 idem,
726 1683 783 1718 non
792 1668 885 1719 solum
893 1661 939 1728 od:

124 1790 126 1794 ,
140 1743 295 1798 moneatur,
305 1737 446 1797 strideat,
457 1737 507 1786 sed
518 1736 878 1786 etimnsaneturutteneat.
903 1733 941 1784 Et

142 1803 189 1868 qui
203 1802 239 1862 de
246 1802 569 1869 longinquosiderenon
579 1806 685 1868 potest,
699 1803 772 1852 viam
781 1808 874 1852 tomen
883 1815 939 1872 cmg

140 1869 231 1930 bulet,
245 1883 300 1935 qus
312 1869 406 1919 veniat
421 1875 449 1918 et
458 1869 553 1919 vident
564 1875 707 1932 ettenest3
725 1869 792 1935 quio
801 1873 830 1918 ct
839 1868 865 1920 si
874 1881 938 1920 eon-

143 1934 301 1984 delcctctnr
315 1933 398 1985 homo
412 1935 471 2000 legi
482 1935 539 1986 Dei
552 1935 702 1986 secundum
714 1935 878 1986 interiorem
890 1932 947 1984 ho-·

136 1999 416 2066 ‘minemquidfsciet
424 2001 459 2050 de
468 2002 525 2052 aiis
534 2001 598 2068 iege
607 2003 636 2052 in
645 2001 775 2054 membris
785 1997 938 2068 suismepu·

142 2072 244 2131 gnnnte
257 2067 316 2132 legi
330 2067 430 2130 meptis
445 2081 526 2129 suae,
542 2074 571 2119 ot
585 2083 615 2119 se
629 2069 768 2134 captivum
781 2067 898 2120 ducente
908 2067 938 2116 in

141 2130 205 2197 lege
224 2135 345 2198 peccati,
365 2145 435 2198 quae
455 2136 543 2184 estin
560 2133 783 2188 membriseiusi
801 2134 938 2196 Quoniam

140 2199 231 2250 iustus
242 2214 281 2261 es,
291 2197 485 2265 Dominemos
494 2205 587 2251 sutem
596 2202 784 2267 peccavimus,
794 2202 889 2267 inique
898 2198 937 2250 ie·

142 2265 238 2327 cimus,
250 2265 344 2332 inique
354 2267 500 2332 gessimus,
511 2272 540 2317 ct
551 2273 667 2334 gravate
676 2273 719 2318 est
729 2279 874 2334 supernos
884 2282 937 2318 ms·

142 2348 194 2381 nus
213 2339 274 2395 tua,
285 2339 323 2381 iet
342 2335 415 2385 iuste
433 2333 532 2384 traditi
551 2348 644 2384 sumus
663 2335 777 2401 antiquo
796 2335 937 2400 peccstori

141 2399 302 2464 praeposito
316 2401 427 2462 mortis,
445 2401 510 2467 quia
522 2401 661 2466 persuasit
674 2401 811 2452 voluntati
825 2407 936 2451 nostrae

142 2465 351 2519 similitudinem
369 2467 521 2516 voluntatis
542 2481 621 2528 suae,
640 2481 694 2532 qua
712 2467 740 2517 in
754 2468 878 2518 ,veritate
890 2473 937 2518 tus

57 2576 59 2585 .
141 2544 197 2581 non
207 2535 295 2585 stetit
331 2531 702 2594 Quidfacietmiserhomoi
720 2532 937 2594 Quisoumlibe·

97 2655 105 2665 ,
140 2598 215 2651 rabit
232 2599 267 2650 de
285 2614 404 2666 corpore
421 2599 520 2651 mortis
540 2597 635 2662 huius,
646 2601 709 2651 ,nisi
722 2600 815 2668 gratis
827 2605 878 2654 tus
889 2614 938 2678 per
