2050 2925
164 130 216 181 218
359 128 529 217 sunum!
546 126 772 183 anausim!

165 232 221 281 erit
231 228 358 297 longum,
374 246 437 283 cum
450 246 486 283 ex
494 230 602 293 futuro,
614 228 688 298 quod
698 228 818 283 noudum
826 235 885 293 est,
900 244 969 283 esse

163 300 219 349 iem
230 301 367 363 coeperit,
376 306 547 363 etpraesens
557 296 661 349 fuctum
672 296 737 359 erit,
746 284 785 347 u?
786 299 878 362 possit
887 312 969 361 esse,
1016 270 1018 355 i

163 365 239 433 quod
257 364 371 432 longum
389 366 436 416 site
454 364 718 431 iam-superioribus
731 366 846 415 vocibus
859 365 969 435 elamet
1016 358 1018 403 ⁴

163 447 296 499 praeseus
305 438 362 484 tem
382 448 422 495 us,
432 431 546 497 longum
556 445 587 481 se
598 444 724 486 essenon
734 444 827 495 posse.

214 499 245 551 c.
258 498 332 550 xvi.
393 503 514 559 ttamen,
524 497 659 558 Domine,
670 498 803 549 sentimus
813 497 968 549 intervalia

163 573 333 632 temporum,
351 571 380 615 et
391 578 582 629 comparamus
596 563 720 626 sibimet,
734 570 763 614 et
775 564 895 627 dicimus
910 566 968 615 aiia

164 632 212 683 lon
245 646 307 693 ora,
320 637 350 682 et
362 631 418 681 elia
430 632 568 682 breviora.
602 630 734 681 Metimur
748 632 845 692 etiam,
858 640 967 698 quanto

146 710 152 714 '
164 701 203 751 sit
214 649 325 751 {ieritis
338 703 386 748 aut
398 698 509 763 lougius
521 696 592 752 illud
603 703 725 764 tempus,
745 712 826 817 (ium
838 698 924 762 illud,
937 708 968 749 et

164 764 376 832 respondemus,
387 764 499 830 duplum
509 777 572 815 esse
584 762 638 814 hoc
647 764 693 815 vei
702 764 755 830 trip
768 779 826 827 um,
835 764 909 815 iilud
920 780 967 816 au·

131 850 134 856 ⁷
164 838 220 881 tem
242 831 379 895 simplum,
396 835 446 881 eut
462 836 570 882 tantum
588 828 642 881 hoc
661 845 724 882 esse
738 836 869 899 quantum
884 830 979 885 illudi‘

163 898 222 951 Sed
232 898 439 965 praetereuntia
451 900 581 949 metimur
592 903 731 963 tempore,
745 912 806 949 cum
815 898 967 951 sentiendo

165 966 305 1027 metimur3
322 965 475 1030 praeterita
483 979 561 1027 vero,
571 978 641 1033 quae
651 966 706 1015 iam
715 980 771 1015 nou
780 972 853 1027 suut,
864 972 916 1017 eut
924 964 967 1017 fu·

165 1040 240 1095 tura,
259 1047 329 1101 quae
348 1032 471 1083 nondum
489 1037 566 1093 suut,
584 1030 646 1097 quis
664 1031 757 1099 metiri
775 1031 886 1099 potest!
904 1031 968 1085 Nisi

118 1093 122 1101 '
165 1099 240 1151 forte
250 1099 365 1151 audebit
374 1101 435 1165 quis
445 1098 550 1161 dicere,
556 1098 648 1149 metiri
658 1111 751 1164 posse,
762 1098 836 1165 quod
846 1113 904 1149 non
915 1106 966 1149 est

166 1167 236 1217 Cum
250 1181 318 1233 ergo
331 1166 466 1232 praeterit
474 1172 595 1232 tempus,
608 1164 708 1218 sentiri
718 1170 747 1215 et
756 1165 848 1217 metiri
857 1173 967 1231 potest:

165 1247 228 1283 cum
243 1240 335 1283 autem
348 1232 538 1297 praeterierit,
552 1232 684 1299 quoniam
697 1237 823 1295 nonest,
837 1247 895 1285 nou
905 1242 967 1299 pot·

165 1304 218 1348 est
503 1339 506 1343 .
1017 1334 1018 1337 ,

217 1362 343 1415 exvn.
375 1362 965 1431 Quaero,pater,nunadflrmo,Deusmeus,

166 1430 295 1500 praeside
313 1428 381 1483 mihi
395 1438 423 1483 et
434 1447 503 1500 rege
517 1448 570 1487 me.
607 1434 739 1497 Quisnam
753 1440 810 1496 est,
828 1432 876 1501 qui
891 1434 968 1486 dicat

164 1498 233 1550 mihi
252 1515 309 1551 non
327 1513 390 1550 esse
402 1499 460 1550 tria
471 1507 610 1568 tempora,
629 1503 702 1554 sicut
713 1501 792 1570 pueri
807 1501 968 1562 didicimus,
1016 1549 1017 1558 ,

163 1581 321 1636 puerosque
332 1567 488 1630 docuimus,
504 1569 696 1635 praeteritum,
712 1581 844 1637 praeseus
854 1573 883 1618 et
893 1567 967 1620 tutu·
1016 1563 1017 1658 i

162 1649 236 1697 rum,
259 1635 311 1686 sed
328 1636 595 1703 tantum'praeaens,
618 1638 749 1715 quonium
765 1633 816 1688 illu
836 1634 891 1688 duo
910 1649 968 1686 non

127 1705 131 1712 “
164 1702 243 1752 eunti
252 1704 292 1752 dn
300 1711 329 1752 et
337 1704 398 1768 ipsu
407 1709 483 1767 sunt;
493 1704 544 1755 sed
555 1717 590 1754 ex
599 1702 693 1770 aliquo
702 1703 831 1770 procedit
841 1702 967 1764 occulto,
1015 1725 1016 1732 κ

163 1784 226 1819 cum
239 1783 275 1821 ex
286 1769 380 1819 futuro
394 1768 426 1819 iit
436 1783 580 1835 praesens3
599 1771 667 1820 otiu
676 1770 789 1836 aliquod
798 1769 908 1822 recedit
918 1785 964 1820 oc·

164 1835 281 1898 cultum,
300 1850 361 1886 cum
376 1850 411 1886 ex
423 1837 564 1902 praesenti
576 1833 608 1886 fit
619 1837 815 1902 praeteritumi
831 1835 902 1888 Nam
916 1836 965 1887 ubi

163 1917 198 1952 ca
209 1903 350 1965 viderunt,
364 1903 411 1967 qui
426 1901 702 1966 intermortuarum,
718 1905 743 1956 si
752 1904 873 1956 nondum
884 1905 965 1954 suut!

162 1966 260 2034 Neque
280 1969 352 2019 enim
371 1974 465 2034 potest
481 1969 571 2021 rideri
583 1970 614 2021 id
626 1971 701 2037 quod
710 1985 765 2022 non
778 1977 831 2024 est.
865 1969 903 2020 Et
916 1972 966 2036 qui
1014 1995 1015 2034 3

162 2039 276 2084 narrant
284 2035 447 2101 praeterita,
457 2051 513 2086 non
523 2037 619 2103 utique
629 2051 696 2090 vera
705 2037 893 2100 narrarentsi
905 2038 963 2088 ani-
1014 2035 1015 2089 i

161 2115 206 2151 mo
219 2099 269 2150 illa
281 2115 337 2150 nou
350 2107 505 2152 cernerent
540 2102 619 2164 Quae
632 2105 658 2156 si
670 2105 746 2156 nulla
758 2110 864 2166 esseut,
883 2105 965 2156 cerni

162 2167 273 2218 omnino
283 2180 339 2217 uon
349 2171 471 2234 possent
496 2167 566 2222 Sunt
575 2185 644 2238 ergo
655 2170 787 2225 etiutura
796 2178 825 2223 et
835 2178 960 2239 praeter-

163 2236 211 2284 ita.
370 2281 373 2285 .
1013 2251 1014 2282 i

213 2300 243 2353 C.
257 2298 355 2352 xviri.
392 2299 457 2354 Siue
469 2316 529 2366 mo,
539 2301 674 2368 Domine,
686 2303 804 2372 amplius
815 2318 962 2372 quaerere,
1013 2288 1014 2305 ¹

162 2383 225 2435 spes
244 2382 318 2432 mea;
336 2383 393 2420 nou
411 2372 592 2422 conturbetur
603 2373 723 2424 intentio
736 2385 806 2422 nree.
828 2370 873 2424 .Si
887 2375 963 2423 euim

162 2442 227 2485 suut
235 2434 330 2487 futtuo
340 2441 368 2485 et
377 2437 537 2502 praeterita,
548 2438 613 2489 roio
624 2440 706 2500 scire,
716 2439 765 2490 ubi
775 2438 839 2489 sint.
876 2438 963 2499 Quod
1012 2463 1013 2521 p

162 2501 186 2548 si
196 2503 318 2553 nondum
329 2500 424 2562 valeo,
443 2503 502 2552 scio
514 2509 619 2566 tamen,
633 2505 798 2571 ubicumque
812 2511 889 2566 sunt,
904 2522 964 2556 non

161 2566 199 2615 ibi
220 2582 254 2618 ea
272 2568 365 2620 futura
387 2583 450 2618 esse
468 2574 518 2618 aut
536 2572 698 2636 praeterite,
720 2571 771 2622 sed
787 2573 963 2637 praeseutia.

160 2629 230 2682 Nam
241 2635 267 2684 si
280 2642 309 2686 et
321 2636 361 2686 ibi
373 2633 554 2699 futurosunt,
567 2639 689 2690 nondum
698 2639 738 2692 ssei
748 2643 824 2702 suut,
843 2639 869 2692 si
879 2645 911 2690 ct
920 2638 963 2690 ibi
1011 2669 1012 2737 p
