2050 2925
146 96 181 149 oa
336 85 753 145 aunauunososrmr
837 52 843 70 ⁴
1015 170 1016 179 ,

146 197 218 257 lius,
230 193 280 245 sed
293 194 368 262 quod
382 193 538 252 exstinctis
553 192 738 253 fieretunum,
752 194 781 241 et
789 189 958 242 universum

146 262 321 329 singulorum
331 267 415 323 esset,
427 268 455 311 et
464 259 557 311 omnia
567 258 702 320 omnium3
719 271 782 308 cum
790 257 958 309 videremur

146 330 229 381 nobis
249 342 312 380 esse
331 328 532 395 possedecem
550 324 638 377 ferme
657 322 783 374 homines
802 323 834 373 in'
851 324 957 375 eadem

148 396 296 457 societate,
307 398 455 460 essentque
465 394 600 443 internos
611 391 791 457 praedivites,
801 390 957 443 Romania·

147 478 200 515 nus
213 462 332 513 maxime
343 460 548 525 communiceps
559 466 667 520 noster,
682 472 764 523 quem
774 463 840 507 tune
851 472 957 525 mares

149 527 444 595 aestus'negotiorum
466 540 579 577 suorum
588 524 624 575 ad
643 526 804 575 comitatum
822 524 957 577 adtraxe·

148 602 225 658 rant,
245 594 279 645 ab
297 596 410 644 ineunte
430 597 523 643 aetate
543 590 611 643 mibi
631 590 884 655 familiarissimum
910 593 959 660 qui
1015 600 1016 653 ζ

150 664 269 715 maxime
287 660 411 710 instabat
428 658 493 711 huie
505 658 561 721 rei,
581 665 610 709 et
623 672 751 724 magnam
764 657 793 707 in
807 656 957 709 suadendo
1015 656 1016 677 ³

111 779 118 784 .
150 728 273 781 habebat
285 726 494 789 auctoritatem,
508 725 584 792 quod
597 724 688 791 ampla
700 739 747 775 res
762 724 821 775 eius
837 725 959 777 multum
1015 728 1016 779 l

152 794 271 845 caeteris
282 792 413 845 anteibat.
447 790 959 859 Etplaeueratnobis,utbiniannui,
1015 784 1016 843 ἶ

150 868 291 929 tamquam
309 860 503 927 magistratus,
525 860 618 911 omnia
635 858 795 913 necessaria
813 868 958 923 curarent,
1015 888 1016 911 l

100 921 110 950 ³
151 924 273 979 ¹caeteris
289 928 400 995 quietis.
436 926 491 979 Sed
505 933 700 995 posteaquam
714 925 808 996 eoepit
821 927 958 993 eogitari,

153 1001 245 1047 utrum
255 994 308 1045 hoo
316 994 499 1045 mulierculae
509 995 641 1055 sinerent,
671 1006 720 1043 uas
731 998 760 1043 et
770 992 819 1051 alii
828 1000 958 1043 nostrum

152 1057 209 1113 iam
218 1061 369 1123 habebant,
384 1068 413 1112 et
421 1076 473 1112 nos
483 1059 586 1112 babere
596 1008 770 1120 volebamus,
783 1064 876 1110 totum
886 1060 960 1111 illud
1015 1074 1016 1131 j

172 1129 298 1191 lacitum,
312 1128 388 1195 quod
399 1128 470 1178 bene
477 1126 685 1188 formabamus,
699 1126 861 1184 dissiluitin
870 1129 960 1179 mani·

153 1145 206 1249 bus
215 1201 298 1260 atque
306 1192 478 1244 confractum
488 1200 517 1245 et
526 1194 665 1245 abiectum
675 1198 726 1244 est
744 1192 811 1243 Inde
821 1194 857 1251 ad
868 1196 960 1261 suspi·
1015 1220 1016 1229 κ

100 1271 109 1281 ·
152 1263 197 1312 ria
211 1267 241 1313 et
253 1261 389 1327 gemitus,
404 1266 433 1309 et
447 1272 562 1327 gressus
576 1260 612 1311 ad
621 1257 776 1327 sequendas
787 1258 860 1311 latas
871 1268 902 1312 et
911 1264 959 1311 tri-
1015 1278 1016 1287 ¹

153 1333 197 1378 tos
212 1326 272 1377 vias
286 1326 405 1389 saeculi,
420 1327 550 1393 quoniam
565 1327 668 1377 multae
679 1327 868 1393 cogitationes
878 1336 961 1379 erant

153 1394 183 1444 in
200 1392 284 1443 eorde
292 1398 399 1443 nostro.
437 1392 582 1443 Consilium
593 1401 682 1445 autem
692 1401 766 1445 tuum
775 1402 867 1444 manet
875 1394 907 1445 in
915 1410 959 1445 ne·

155 1469 270 1512 ternum.
281 1457 340 1522 (Ps.
351 1459 393 1524 33,
404 1460 458 1525 ll.)
491 1460 536 1513 Ex
548 1476 602 1528 quo
617 1460 735 1512 oonsilio
750 1459 901 1514 deridebas
911 1477 960 1514 no·

155 1534 226 1590 stra,
243 1528 276 1578 et'
283 1534 331 1578 tua
341 1527 541 1594 praeparabas,
554 1527 635 1580 nobis
646 1527 759 1580 daturus
770 1527 901 1580 eseamin
913 1544 963 1594 op·x

154 1595 340 1664 portunitate,
354 1602 383 1646 et
392 1602 538 1662 aperturus
548 1610 658 1646 manum
668 1601 756 1658 tuam,
766 1601 850 1662 atque
861 1595 959 1666 imple·
1015 1603 1016 1608 ’

154 1671 234 1714 turus
248 1663 352 1715 animas
365 1670 476 1714 nostras
485 1661 691 1713 benedictione.

209 1729 238 1778 C.
252 1727 324 1788 XV„
349 1729 460 1781 lnterea
477 1735 594 1797 peecata
611 1743 675 1780 mea
692 1727 959 1794 multiplicabantur,
1015 1791 1016 1794 Ἴ

157 1801 187 1846 et
201 1796 297 1846 avulsa
306 1810 324 1845 a
332 1795 421 1847 latere
431 1810 494 1848 meo
504 1803 645 1864 tamquam
653 1795 852 1863 impedimento
863 1799 959 1848 eoniu-

178 1863 207 1924 ·i‚
222 1878 283 1912 cum
298 1877 353 1928 qua
366 1864 467 1915 cubare
485 1863 586 1916 solitus
600 1877 689 1926 eram,
703 1878 752 1915 eor
764 1863 811 1914 ubi
825 1853 960 1914 adhhere·

177 1934 217 1991 at,
235 1929 377 1979 concisum
391 1936 419 1980 et
432 1930 606 1981 vulneratum
619 1927 688 1982 mihi
702 1935 774 1993 erat,
789 1930 961 1982 attrahebat

158 1996 330 2061 sanguinem.
364 1995 401 2046 Et
410 1997 460 2047 illa
468 1997 498 2046 in
507 1995 628 2053 Africam
639 1997 771 2060 redierat,
780 2010 887 2048 vovens
897 1998 959 2059 tibi,

94 2082 102 2088 ·
158 2061 242 2111 alium
257 2075 287 2110 se
301 2062 390 2112 virum
400 2063 580 2126 nesciturum,
594 2063 694 2116 relicto
703 2063 775 2131 apud
784 2065 959 2116 menatruali
1015 2121 1016 2126 η

159 2141 195 2178 ex
204 2127 255 2176 illa
264 2127 323 2177 lilio
333 2144 406 2180 meo.
440 2132 475 2182 At
485 2145 539 2198 ego
549 2129 662 2193 infelix,
676 2145 728 2182 nec
737 2129 860 2182 feminae
870 2132 960 2182 imita»

157 2200 216 2256 tor3
236 2193 378 2246 dilationis
396 2198 558 2266 impatiens,
579 2205 719 2265 tamquam
736 2203 801 2264 post
818 2197 959 2249 biennium

159 2267 326 2327 accepturus
345 2277 419 2327 earn,
438 2281 521 2331 quam
539 2263 681 2332 petebam,
701 2265 766 2332 quia
783 2279 840 2316 non
852 2275 960 2316 amator

159 2328 297 2395 coniugii,
306 2328 360 2379 sed
368 2331 492 2383 libidinis
503 2346 600 2383 servus
611 2345 698 2394 eram,
709 2333 858 2397 procuravi
868 2332 958 2392 aliam,
1015 2391 1016 2398 ἵ

159 2408 215 2445 non
225 2396 320 2462 utique
331 2399 490 2465 coniugem,
505 2412 559 2464 quo
569 2403 709 2463 tamquam
718 2403 923 2448 sustentaretur
933 2405 960 2450 et
1015 2401 1016 2464 ᾗ

159 2461 359 2526 perduceretur
370 2463 417 2515 vel
428 2467 538 2533 integer
552 2464 598 2514 vel
610 2464 719 2515 auctior
727 2463 841 2514 morbus
852 2465 959 2517 murae
1015 2475 1016 2494 ³

160 2540 239 2577 meae
253 2529 388 2582 satellitio
398 2530 574 2597 perdurantis
585 2530 795 2582 consuetudinis
804 2530 835 2580 in
843 2545 959 2598 regnum
1015 2579 1016 2582 ,

92 2616 95 2621 ·
140 2625 145 2632 ,
160 2594 297 2644 uxorium.
330 2597 390 2648 Nee
408 2597 558 2649 sanabatur
570 2595 668 2650 vulnus
683 2596 753 2648 illud
762 2610 866 2662 meum,
887 2597 957 2666 quod
