2050 2925
174 135 227 189 266
363 134 540 191 sensui
557 128 792 185 nucusrln'l
834 152 839 161 ¹

173 245 232 290 tum
246 235 422 288 suetoritstis
433 236 464 287 in
477 234 598 299 eloquiis
610 236 666 285 tuis
676 246 725 301 per
735 247 785 284 eos
796 231 886 285 editis
896 234 971 287 subli·

173 307 256 355 miter
278 302 438 354 extenditur
459 314 543 366 super
562 302 689 363 omnia„
710 314 762 351 use
781 301 884 352 subter
903 312 971 354 sunt:
1004 287 1005 351 l

127 401 138 422 t
173 371 251 439 quod
263 378 327 421 cum
338 366 385 419 bic
397 368 535 429 sinerent,
549 382 605 419 non
614 370 654 418 ite
664 316 821 419 sublimiter
832 375 970 419 extentum
1004 360 1005 385 ³

173 443 243 491 erat
277 434 406 488 Nondum
430 436 504 486 sicut
549 434 635 499 ollem
660 433 770 487 coelum
796 436 970 497 extenderas,

170 505 293 557 nondum
306 503 405 553 mortis
415 514 512 553 eorum
522 448 624 552 gmarn
631 515 832 568 usquequaque
842 501 969 553 dilatare·

171 586 227 623 res.
250 569 428 630 ‘Videamus,
439 567 569 629 Domine,
589 567 699 629 coelos,
718 581 803 685 opera
821 567 968 635 digitorum

171 645 292 699 tuorum,
302 637 446 690 disserena
456 633 546 685 oculis
556 635 661 685 nostris
671 636 737 687 nubi
749 650 803 697 um,
815 650 873 701 quo
883 636 967 687 subte-
1005 694 1006 701 ἵ

171 704 240 758 xisti
261 718 319 753 eos.
354 702 396 752 lbi
421 706 465 750 est
486 700 676 751 testimonium
695 706 785 763 tuum,
808 704 967 769 sapientium
1005 718 1006 745 ;

171 775 316 837 praestans
338 768 469 833 parvulis.
505 764 628 829 Perfice,
647 767 725 817 Deus
744 782 837 829 meus,
862 768 966 819 lauden

171 844 246 887 tunm
256 849 292 885 ex
301 849 351 885 ore
360 832 508 885 infantium
519 840 547 884 et
557 832 728 885 lactentium.
739 832 798 896 (Ps.
808 834 835 897 8,
845 834 893 900 iul*
919 834 966 887 Νι-

171 917 226 969 que
237 902 310 953 enim
318 901 445 953 nosinsus
455 900 527 951 alios
538 900 636 963 libros;
643 902 683 952 ita
692 902 870 953 destituentes
879 916 966 971 super·

172 970 259 1031 biam,
267 969 314 1019 ita
322 970 499 1021 destruentes
509 967 651 1019 inimicum
662 974 691 1019 et
702 967 893 1031 defensorem,
902 969 963 1020 resi·

172 1043 294 1089 stentem
319 1034 544 1089 reconciliationi
571 1040 635 1087 tuae
658 1033 834 1085 defendendo
857 1044 965 1101 peccatu

173 1120 233 1155 sua.
268 1100 338 1154 Non
361 1104 451 1164 novi,
473 1100 624 1165 Domine,
647 1116 709 1153 non
731 1102 964 1153 novioliatnm
1006 1128 1007 1131 ¹

111 1200 117 1207 ·
173 1177 265 1223 casta
288 1170 537 1237 eloquiasquae
560 1169 608 1219 sic
630 1166 709 1219 mibi
732 1170 964 1233 persuaderent

173 1235 434 1296 confessionem,
460 1242 494 1285 et
520 1235 663 1286 lenirent
686 1235 850 1287 cervicem
872 1250 963 1286 mean

106 1304 114 1314 ”
170 1306 205 1355 iu
232 1317 248 1352 o
266 1308 335 1363 tuo,
354 1308 387 1351 et
403 1302 585 1352 invitarent
602 1302 713 1353 colere
729 1307 761 1353 te
778 1304 901 1369 gratis·
927 1301 963 1351 ln·

169 1375 199 1419 te
225 1370 297 1435 ‘gam
310 1380 356 1431 ea,
370 1373 451 1433 pater
462 1367 548 1418 bone:
568 1370 604 1419 dn
613 1368 680 1421 mibi
691 1366 759 1419 baec
768 1368 963 1436 subterposito,

171 1436 237 1504 quis
249 1434 444 1500 subterpositis
454 1434 585 1488 solidasti
595 1449 636 1488 ea
672 1434 741 1490 Sunt
751 1435 824 1488 aliae
834 1451 962 1503 sqsssss·
1007 1450 1008 1453 ¹

167 1520 219 1572 per
228 1501 497 1571 bocflrmamentsnt,
509 1503 594 1554 eredo
604 1503 785 1566 immortales,
795 1510 825 1554 et
835 1513 964 1556 stertens

172 1571 351 1638 corruptione
357 1576 494 1622 secretae.
512 1569 642 1620 Laudent
651 1584 752 1622 nomen
761 1576 849 1634 tuum,
857 1570 963 1622 laudent

111 1640 120 1648 '
169 1644 200 1689 te
210 1635 434 1706 supercoelestes
444 1637 540 1703 populi
551 1638 713 1703 angelorum
723 1643 847 1700 tuorum,
859 1637 905 1704 qui
915 1651 962 1687 non

171 1720 241 1771 opus
255 1703 357 1757 nabent
367 1705 510 1770 suspicere
521 1705 719 1758 limramentum
730 1701 796 1765 boc,
811 1711 841 1755 et
851 1701 962 1770 legendo

171 1785 344 1839 cognoscere
355 1771 468 1822 verbum
478 1776 565 1822 tuum.
587 1769 690 1822 Vident
701 1770 773 1821 enim
783 1769 886 1822 sociem
896 1777 962 1820 tuam

170 1852 296 1906 semper,
311 1844 340 1890 et
352 1837 391 1888 ibi
404 1837 501 1905 legunt
513 1838 574 1888 sine
588 1853 601 1888 s
623 1836 704 1888 llabis
717 1841 885 1905 temporum,
922 1833 962 1885 uid

169 1905 503 1957 eelitueternavoluntss
512 1910 569 1955 tua.
647 1903 900 1971 gunt,eligunt,et
928 1902 962 1951 'li-

169 1978 250 2038 gunt3
269 1971 378 2036 semper
387 1971 493 2038 legunt,
500 1973 528 2022 et
537 1985 684 2036 numquam
692 1971 836 2037 praeterit,
846 1969 921 2038 quod
929 1969 963 2020 le·

170 2043 248 2104 gunt.
282 2038 421 2103 Eligendo
435 2038 509 2089 enim
522 2043 552 2088 et
563 2036 705 2104 diligende
720 2037 818 2104 legunt
830 2037 918 2103 ipsssn
927 2037 963 2086 in·

170 2103 446 2154 commutabilitatem
455 2103 567 2155 consilii
577 2103 626 2155 tui.
657 2100 720 2154 Non
730 2103 869 2155 clauditur
880 2101 963 2155 codes

171 2184 280 2231 eorum,
293 2183 345 2219 nec
358 2170 507 2236 plicabitur
519 2170 711 2232 libertorum,
725 2169 791 2236 quia
800 2177 831 2221 tu
841 2171 902 2236 ipse
911 2170 962 2220 illis

169 2235 224 2287 hoc
234 2251 279 2298 es,
295 2242 325 2286 et
334 2251 364 2286 es
374 2237 402 2286 in
412 2241 569 2300 ueternum,
585 2235 806 2305 quiasuperhoc
816 2237 962 2288 nemausen·

168 2310 228 2354 tun
242 2302 379 2354 ordinasti
391 2316 454 2365 eos,
473 2304 548 2369 quod
561 2304 769 2370 firmastisuper
778 2304 962 2356 infirmitatem

167 2369 332 2420 inferiorum
344 2368 521 2436 populorum,
532 2371 580 2422 ubi
593 2373 768 2438 suspicerent
777 2374 807 2421 ct
816 2383 962 2438 cognosse·

166 2443 230 2486 rent
243 2436 463 2488 misericordium
473 2444 561 2498 mam,
575 2441 631 2488 tem
652 2437 768 2491 oruliter
777 2439 962 2488 enuntiantem

166 2506 205 2561 te,
216 2504 264 2567 qui
273 2501 509 2570 iecistitempora.
544 2502 575 2552 ln
586 2451 666 2554 coeqo
678 2505 762 2565 enim,
773 2501 908 2564 Domine,
917 2503 961 2554 mi·

168 2567 322 2617 sericordia
330 2576 386 2628 tua,
397 2574 426 2619 et
435 2569 538 2620 veritus
548 2574 596 2618 tua
606 2583 692 2636 usque
703 2570 738 2620 ed
747 2569 844 2620 nubes.
856 2569 916 2630 (Ps.
925 2567 962 2629 36,

167 2629 207 2692 d.)
241 2633 399 2697 Transeunt
410 2634 510 2697 nubes,
524 2634 633 2685 coelum
646 2641 740 2688 sutem
751 2640 859 2698 manet3
877 2642 961 2687 trans·
