2050 2925
200 82 752 185 eousassrouuu'maunxn.
825 132 874 185 tea

68 249 128 302 que
139 238 263 297 naturas,
277 232 348 283 alius
358 248 440 283 unam
449 231 596 285 formatam
606 234 785 301 canitiemque
795 236 875 302 spiri·

67 300 161 352 talem
173 301 247 352 coeli
259 302 385 362 nonnine,
399 300 483 351 aliam
497 298 644 351 insonnem
655 302 809 367 corporalis
820 316 874 353 ma·

68 370 163 419 teriae
176 372 267 419 terrae
281 368 402 418 uouuiua.
436 366 491 428 Qui
503 372 598 417 autem
610 367 772 434 intelligunt
785 368 814 419 in
822 372 875 419 iro-

73 435 199 487 minibus
217 434 291 485 coeli
310 439 338 484 et
355 440 448 485 terrae
462 432 552 486 adbuc
564 432 712 485 informem
724 435 876 497 materiam,

75 502 114 553 sle
146 516 183 553 ua
191 499 360 551 formaretur
369 499 478 551 eoelum
487 508 517 552 et
525 505 613 563 terra,
628 514 680 551 nec
689 502 742 568 ipsi
753 516 808 553 uuo
819 514 876 555 mo·

73 568 114 619 do
123 516 154 620 iffi
163 567 336 635 intelligunt:
354 567 405 619 sed
414 568 496 630 alius,
506 568 580 620 unde
591 575 828 619 consummaretur
837 569 877 618 io·

70 634 233 701 telligibllis
244 633 440 701 sensibilisque
450 640 589 701 ereatura3
599 635 671 687 elius
678 640 794 699 tautum,
804 634 878 693 uude

72 702 218 754 sensibilis
227 701 317 753 moles
326 704 382 752 ista
391 716 539 769 corporea,
550 704 612 755 sinu
623 702 721 821 grarpli
731 704 877 755 continens

71 770 237 839 perspicuas
247 774 443 837 promptasque
452 776 575 821 natiuae.
597 768 674 823 Neci
687 770 772 821 liuno
783 769 890 831 modo,-

30 866 34 873 ·
74 836 199 903 quiiam
213 835 363 903 dispositas
377 837 501 903 digestas
522 850 557 886 ue
570 843 712 888 creaturas
726 838 835 888 coelum
849 844 878 887 et

72 911 179 965 ternam
198 904 294 954 vocari
312 900 365 954 hoe
379 903 444 955 loco
458 852 586 955 crezuntt
605 902 655 953 seul
669 904 741 954 alius
753 904 877 955 invisibi-

71 970 132 1021 lem
150 976 234 1035 atque
253 968 405 1033 risibilem3
423 969 496 1019 alius
508 967 599 1019 solam
611 969 761 1031 visibilem,
780 972 809 1020 in
823 984 877 1036 qua
966 988 969 997 ·

70 1037 244 1088 luminosum
255 1035 366 1086 coelum
378 1035 557 1101 suspicimus,
569 1040 673 1086 terram
686 1035 877 1103 caliginosam,

71 1116 203 1171 quaeque
213 1104 242 1151 iu
252 1104 294 1152 eis
304 1107 376 1152 suut.
904 1104 909 1120 ‘

129 1169 159 1220 c.
170 1165 272 1218 XXlX.
306 1167 409 1230 atine,
419 1167 467 1234 qui
476 1182 532 1219 nen
544 1168 627 1220 aliter
636 1169 749 1235 accipit:
767 1168 877 1234 inprin-

70 1232 232 1302 cipiofecit,
243 1248 324 1302 quam
333 1236 359 1287 si
367 1234 519 1287 diceretur:
533 1236 621 1303 primo
631 1236 709 1299 lecit,
720 1233 878 1297 nonhabet,

73 1316 133 1369 quo
145 1302 228 1353 modo
239 1304 377 1353 ueraciter
386 1302 526 1370 intelligat
536 1302 645 1357 eoelum
657 1308 685 1355 et
693 1309 810 1365 terram,
823 1304 877 1355 nisi

72 1370 222 1423 unateriam
236 1368 309 1421 coeli
322 1375 351 1420 et
361 1375 452 1421 terrae
461 1370 614 1438 intelligat,
627 1370 760 1422 videlieet
770 1370 877 1421 univer·

17 1491 23 1498 ,
74 1450 137 1500 sae,
146 1434 175 1488 id
185 1441 237 1500 est,
247 1436 434 1504 intelligibilis
445 1439 656 1506 corporalisque
666 1444 819 1490 creaturae.
848 1436 880 1494 st

75 1506 152 1557 euim
173 1505 229 1555 iam
246 1503 395 1556 formatam
414 1505 482 1555 velit
500 1505 670 1566 universam,
692 1511 769 1556 recte
789 1505 823 1555 ab
842 1518 877 1556 co

98 1572 176 1623 uaeri
185 1573 302 1639 poterit:
321 1573 346 1622 si
356 1569 409 1622 hoc
418 1571 507 1638 primo
519 1570 588 1634 lecit
597 1569 687 1632 Deus,
702 1571 767 1638 quid
777 1570 878 1621 lecerit

76 1588 222 1705 geiucepu
241 1644 270 1689 et
279 1643 344 1706 post
352 1638 561 1690 universitatem
573 1638 773 1698 coniureuiet,
786 1652 819 1687 ac
829 1649 879 1703 per

76 1703 135 1756 hoc
148 1704 367 1757 audiatiuvitus=
386 1719 441 1772 quo
452 1703 537 1754 modo
547 1704 617 1757 illud
626 1706 731 1770 primo,
745 1703 769 1754 si
777 1709 879 1820 postea

75 1767 164 1823 nibil!
182 1771 327 1824 Cumvero
338 1772 417 1824 dicit:
436 1772 524 1838 primo
535 1770 696 1833 informem,
711 1770 776 1822 dein
796 1769 878 1821 efor-

74 1843 250 1900 mammona
259 1843 303 1890 est
313 1839 458 1901 absurdus,
465 1838 489 1890 si
499 1838 583 1898 modo
594 1844 638 1890 est
646 1838 765 1890 idoneus
776 1836 879 1888 discer-

73 1919 158 1966 nere,
169 1904 235 1971 quid
244 1906 394 1974 praecedat
403 1907 579 1968 aeternitate,
591 1904 658 1972 quid
666 1912 802 1984 tempore,
812 1903 880 1970 quid

76 1971 232 2035 electione,
259 1971 327 2038 quid
349 1973 471 2040 origine:
498 1973 678 2036 aeternitate,
706 1978 779 2024 sicut
800 1971 878 2022 Deus
901 2031 904 2040 ἱ
959 1967 964 1976 “

76 2041 182 2102 omuia;
200 2044 338 2105 tempore,
357 2041 430 2092 sieut
443 2038 496 2090 llos
508 2038 641 2103 lructum;
660 2039 812 2102 electione,
826 2039 878 2090 sic·

12 2105 13 2108 ’
74 2111 108 2157 ut
121 2104 228 2163 fructus
241 2104 350 2170 liorem,
370 2107 492 2174 origiue,
506 2109 580 2158 sicut
594 2121 679 2158 sonus
694 2111 812 2159 cantum.
847 2104 879 2156 ln

75 2171 122 2224 lm
137 2178 257 2240 quatuor
270 2173 387 2240 primum
397 2181 426 2225 et
438 2173 565 2226 ultimum
593 2173 645 2229 uae
656 2174 879 2234 commemoravi,

76 2239 239 2291 difficillime
248 2239 451 2307 intelliguntur,
462 2240 518 2293 (luo
528 2189 620 2293 maala
628 2239 770 2296 facillime.
797 2238 878 2290 Nam·

76 2320 131 2375 que
144 2320 209 2357 rara
217 2306 289 2357 risio
301 2312 344 2357 est
354 2307 435 2358 nimis
445 2308 544 2370 ardua,
560 2311 735 2377 conspicere,
747 2305 878 2367 Domine,

75 2373 273 2426 aeternitatem
291 2379 380 2435 tuom,
400 2374 664 2427 incommutabiliter
681 2373 826 2426 mutabilia
837 2370 878 2422 la·
959 2405 965 2416 .

77 2441 211 2502 cientem,
224 2453 258 2491 ac
271 2453 322 2507 per
334 2438 388 2490 boc
399 2442 532 2506 priorem.
568 2442 637 2502 Quis
651 2441 752 2492 deinde
762 2441 804 2490 sic
814 2453 878 2491 seu·

76 2515 136 2558 tum
149 2512 245 2557 cernat
261 2508 366 2569 animo,
380 2513 411 2558 ut
423 2509 483 2560 sine
493 2509 590 2559 labore
600 2522 700 2575 magno
711 2506 878 2574 dignoscere

77 2574 182 2636 valeat,
196 2587 251 2638 quo
264 2573 347 2625 modo
357 2574 395 2625 sit
403 2575 481 2642 prior
490 2589 577 2627 sonus
589 2589 670 2642 quam
680 2577 790 2635 cautus,
802 2572 878 2634 ideo,

77 2642 144 2711 quia
151 2646 248 2694 mutos
256 2639 442 2695 coloramus
451 2657 548 2708 sonus,
557 2648 586 2696 et
596 2656 658 2694 em
668 2641 763 2708 utique
774 2638 880 2707 aliquid
