2050 2925
202 117 528 197 consessiouun
545 144 672 199 musa
688 146 755 199 vu.
832 146 882 197 ms

84 246 263 312 opinarentur
268 246 443 311 mampotins
450 246 631 297 substantiam
642 247 712 306 male
722 249 789 313 pati,
801 260 883 313 quam

84 328 163 364 suam
184 311 378 364 malefacere.
413 313 449 364 Et
465 313 655 375 intendebam,
680 322 711 364 ut
730 328 882 376 cernerem,

84 378 160 446 quod
170 379 324 441 audiebam,
329 379 448 430 liberum
456 381 608 431 voluntatis
618 380 762 431 arbitrium
772 394 883 431 causam

88 460 166 509 esse,
180 451 211 496 ut
222 445 295 496 male
307 446 475 508 faceremus,
491 452 520 497 ct
531 452 637 497 rectum
651 447 784 500 iudicium
796 453 883 509 tuum,

88 520 120 567 ut
128 520 294 579 pateremur,
306 518 335 563 ct
344 528 405 563 eam
415 512 548 580 hbuidam
558 528 672 564 cernere
683 528 738 564 non
748 514 883 565 valebam.

85 581 184 646 ltaque
203 581 290 629 aciem
307 580 458 630 mentis-dc
469 580 609 645 profundo
624 581 744 632 educere
759 586 885 642 conatus,

85 646 235 713 mergebar
243 646 352 709 iterum,
363 653 393 696 et
401 661 483 762 saepe
495 652 620 709 conatur,
629 647 776 764 merpebar
784 648 886 697 iterum

86 719 172 780 atque
185 713 293 763 iterum.
329 712 449 764 Subleva
469 714 583 764 atenim
598 715 682 765 mein
708 728 786 765 ucem
799 721 886 777 mam,

86 779 165 848 quod
176 785 233 829 tom
245 793 289 828 me
302 779 424 829 sciebam
438 777 541 830 babere
552 781 735 844 voluntatem,
744 792 830 849 quam
840 794 885 831 me

85 848 192 898 vivere.
226 845 322 911 ltaque
336 861 397 895 curn
411 847 517 912 aliquid
531 846 630 897 vellem
640 854 689 899 out
698 847 814 909 nollem,
829 862 886 897 nou

82 914 171 964 alium
188 926 269 978 quarn
281 926 326 962 mo
340 912 412 962 velle
426 927 459 962 ac
474 913 549 962 nolle
563 914 736 965 certissimus
751 928 840 975 eram,
856 920 887 964 et

19 1006 22 1012 ·
82 981 125 1031 ibi
136 992 199 1029 esse
210 992 320 1029 causam
329 980 439 1044 peccati
447 980 515 1040 mei,
530 975 703 1046 iamiamque
714 981 886 1031 animadver-

82 1047 188 1098 tebam.
224 1044 306 1105 Quod
314 1051 406 1095 autem
416 1046 518 1095 invimus
528 1042 660 1107 facerem,
669 1046 781 1112 patinae
790 1046 885 1113 potius

84 1127 170 1180 quam
180 1109 273 1161 facere
284 1111 425 1172 videbam,
436 1117 465 1161 ct
473 1111 503 1160 id
513 1126 568 1161 non
581 1111 697 1179 culpam,
708 1112 758 1163 sed
768 1126 887 1178 poenam

32 1212 36 1218 ,
83 1192 151 1232 essa
160 1178 329 1238 iudicabam,
342 1192 396 1243 qua
405 1191 448 1228 me
458 1192 514 1227 nou
523 1179 625 1229 iniuste
634 1178 733 1244 plecti,
745 1186 773 1229 te
783 1180 887 1229 iustum

84 1247 225 1313 cogitans,
231 1246 288 1295 cito
294 1242 412 1303 fatebar.
433 1243 488 1296 Sed
498 1250 596 1296 rursus'
603 1244 740 1297 dicebam:
752 1247 812 1314 quis
818 1244 889 1296 iecit

83 1314 149 1367 met
166 1326 257 1363 nonne
267 1310 344 1362 Deus
353 1326 441 1374 meus,
451 1326 506 1361 non
516 1318 621 1363 tuntum
631 1307 730 1375 bonus,
737 1314 786 1363 sed
798 1314 887 1379 ipsum

83 1380 207 1432 bonumi
223 1378 304 1429 Unde
317 1379 403 1445 igitur
414 1378 483 1428 mibi
494 1379 567 1429 male
581 1380 653 1431 velle
668 1386 697 1430 et
712 1380 783 1431 bene
801 1379 887 1442 nolle,

85 1455 119 1500 ut
138 1451 214 1498 esset
232 1460 282 1515 cur
298 1446 494 1512 iuste'poenas
508 1446 631 1498 luerem?
650 1446 718 1508 Quis
731 1446 761 1497 in
775 1460 818 1497 me
833 1444 887 1497 hoc

83 1514 196 1583 posuit,
210 1513 425 1564 et'iusevitmihi
434 1513 600 1578 plantarium
611 1514 814 1574 amaritudinis,
826 1528 888 1563 cum

84 1589 166 1634 totus
182 1581 276 1631 fierem
292 1595 308 1629 a
318 1579 479 1630 dulcissimo
490 1579 556 1638 Deo
564 1580 644 1629 meni
661 1579 692 1630 Si
702 1580 830 1629 diabolus
841 1593 888 1628 au·

87 1655 164 1710 ctor,
178 1647 251 1698 unde
264 1648 325 1715 ipse
341 1645 485 1697 diabolusi
503 1644 624 1706 Quodsi
639 1647 742 1710 etipse
756 1659 889 1710 perversa

84 1715 231 1768 voluntate
242 1728 277 1764 ex
285 1713 359 1764 bono
370 1713 471 1779 angelo
478 1711 606 1762 diabolus
616 1711 706 1762 fuctus
718 1711 848 1773 est,unde
861 1717 890 1762 et
903 1741 905 1754 ι

84 1783 116 1833 in
126 1782 190 1848 ipso
197 1781 326 1831 voluntas
336 1779 417 1841 mala,
424 1793 479 1845 qua
488 1779 616 1830 diabolus
626 1779 714 1839 fieret,
726 1777 888 1844 quaudoto·

83 1857 135 1900 tus
149 1848 265 1914 angelus
280 1861 297 1896 a
310 1846 455 1897 conditore
471 1846 576 1912 optimo
590 1844 681 1896 iactus
695 1851 771 1896 esset
782 1843 890 1894 bonosi

86 1916 143 1967 His
156 1913 375 1980 cogitationibus
386 1911 561 1981 deprimebar
571 1913 671 1963 iterum
682 1917 711 1962 et
720 1909 887 1962 suffocabar.

89 1982 147 2035 Sed
157 1995 211 2031 non
221 1993 308 2046 usquc
319 1980 354 2029 ad
362 1976 439 2030 illum
448 1978 587 2030 infernum
595 1978 888 2038 subducebarerroria,

87 2049 137 2101 ubi
156 2061 237 2099 nenio
257 2046 405 2098 confitetur
421 2046 486 2108 tibi,
506 2047 570 2099 dum
583 2052 613 2098 tu
626 2045 721 2114 potius
735 2046 808 2096 atala
821 2045 888 2112 pati,

88 2130 172 2184 quam
183 2113 265 2165 homo
275 2111 369 2164 iacere
379 2122 501 2179 putatur.

140 2183 171 2234 (2.
186 2180 231 2232 lV.
268 2179 315 2231 Sic
325 2181 397 2230 enim
407 2180 516 2231 nitebar
526 2185 639 2232 caetera
647 2180 781 2242 baroniae,
792 2185 824 2230 ut
832 2180 889 2228 iam

86 2252 247 2300 inveneram
254 2246 352 2296 caelius
359 2261 421 2298 esse
429 2247 649 2314 incorruptibile,
662 2263 742 2314 quam
753 2246 889 2311 couupti·

85 2317 159 2377 bile,
171 2320 199 2365 et
208 2313 272 2364 ideo
282 2318 324 2374 te,
335 2313 467 2380 quidquid
479 2328 566 2376 esses,
577 2329 639 2365 esse
649 2313 888 2380 incorruptibilem
928 2323 931 2327 ·

86 2382 252 2434 confitebar.
287 2378 398 2446 Neque
418 2381 506 2430 enim
525 2381 594 2432 ulls
612 2382 719 2431 anima
738 2393 889 2444 umquam

84 2448 200 2517 potuit
221 2448 389 2514 poteritve
408 2448 561 2514 cogitare
579 2447 719 2513 aliquid,
743 2445 828 2511 quod
843 2445 889 2494 sit

83 2525 121 2568 te
140 2515 274 2575 arelius,
294 2514 349 2577 qui
368 2529 520 2564 sunimum
541 2521 574 2564 et
593 2515 749 2580 optimum
768 2512 889 2561 bonum

86 2601 132 2634 es.
170 2581 238 2632 Cum
254 2586 346 2630 autem
360 2582 505 2632 verissime
523 2587 605 2648 atquc
624 2580 779 2630 certissime
798 2577 888 2626 incor-

85 2648 221 2725 ruptibile
241 2647 415 2714 corruptibili
434 2653 635 2716 praeponatur,
662 2646 734 2696 sicut
758 2645 813 2695 iam
834 2658 888 2711 ego
921 2693 923 2700 ,
