<?xml version="1.0" encoding="UTF-8"?>
<!DOCTYPE html PUBLIC "-//W3C//DTD XHTML 1.0 Transitional//EN"
    "http://www.w3.org/TR/xhtml1/DTD/xhtml1-transitional.dtd">
<html xmlns="http://www.w3.org/1999/xhtml" xml:lang="en" lang="en">
 <head>
  <title>
</title>
<meta http-equiv="Content-Type" content="text/html;charset=utf-8" />
  <meta name='ocr-system' content='tesseract 3.04.00' />
  <meta name='ocr-capabilities' content='ocr_page ocr_carea ocr_par ocr_line ocrx_word'/>
</head>
<body>
  <div class='ocr_page' id='page_1' title='image "./saureliiaugusti00brudgoog_0054.png"; bbox 0 0 2050 2925; ppageno 0'>
   <div class='ocr_carea' id='block_1_1' title="bbox 112 57 1022 270">
    <p class='ocr_par' dir='ltr' id='par_1_1' title="bbox 112 57 1022 270">
     <span class='ocr_line' id='line_1_1' title="bbox 112 57 733 182; baseline -0.002 -35"><span class='ocrx_word' id='word_1_1' title='bbox 112 57 163 147; x_wconf 52' lang='lat'><strong>&#39;24</strong></span> <span class='ocrx_word' id='word_1_2' title='bbox 325 98 493 151; x_wconf 66' lang='lat' dir='ltr'><strong>eunucu</strong></span> <span class='ocrx_word' id='word_1_3' title='bbox 510 94 733 182; x_wconf 73' lang='lat' dir='ltr'><strong>suousuuu</strong></span> 
     </span>
     <span class='ocr_line' id='line_1_2' title="bbox 127 195 1022 270; baseline 0.006 -23"><span class='ocrx_word' id='word_1_4' title='bbox 127 210 228 263; x_wconf 82' lang='lat' dir='ltr'><strong>parens</strong></span> <span class='ocrx_word' id='word_1_5' title='bbox 237 201 435 270; x_wconf 63' lang='lat' dir='ltr'><strong>uterquegille,</strong></span> <span class='ocrx_word' id='word_1_6' title='bbox 444 201 508 267; x_wconf 85' lang='lat' dir='ltr'><strong>quia</strong></span> <span class='ocrx_word' id='word_1_7' title='bbox 518 200 552 252; x_wconf 91' lang='lat' dir='ltr'><strong>de</strong></span> <span class='ocrx_word' id='word_1_8' title='bbox 562 207 592 251; x_wconf 86' lang='lat' dir='ltr'><strong>te</strong></span> <span class='ocrx_word' id='word_1_9' title='bbox 601 213 687 266; x_wconf 78' lang='lat' dir='ltr'><strong>prope</strong></span> <span class='ocrx_word' id='word_1_10' title='bbox 697 196 768 260; x_wconf 86' lang='lat' dir='ltr'><strong>nibil</strong></span> <span class='ocrx_word' id='word_1_11' title='bbox 776 195 938 264; x_wconf 81' lang='lat' dir='ltr'><strong>cogitabat,</strong></span> <span class='ocrx_word' id='word_1_12' title='bbox 1020 217 1022 252; x_wconf 72' lang='lat' dir='ltr'><strong>l</strong></span> 
     </span>
    </p>
   </div>
   <div class='ocr_carea' id='block_1_2' title="bbox 54 263 953 2668">
    <p class='ocr_par' dir='ltr' id='par_1_2' title="bbox 68 263 953 726">
     <span class='ocr_line' id='line_1_3' title="bbox 129 263 953 331; baseline 0 -16"><span class='ocrx_word' id='word_1_13' title='bbox 129 264 163 315; x_wconf 88' lang='lat' dir='ltr'><strong>de</strong></span> <span class='ocrx_word' id='word_1_14' title='bbox 173 278 217 317; x_wconf 81' lang='lat' dir='ltr'><strong>me</strong></span> <span class='ocrx_word' id='word_1_15' title='bbox 227 266 435 329; x_wconf 81' lang='lat' dir='ltr'><strong>auteminania3</strong></span> <span class='ocrx_word' id='word_1_16' title='bbox 454 268 504 319; x_wconf 87' lang='lat' dir='ltr'><strong>illa</strong></span> <span class='ocrx_word' id='word_1_17' title='bbox 514 273 618 329; x_wconf 86' lang='lat' dir='ltr'><strong>autem,</strong></span> <span class='ocrx_word' id='word_1_18' title='bbox 629 266 695 331; x_wconf 88' lang='lat' dir='ltr'><strong>quia</strong></span> <span class='ocrx_word' id='word_1_19' title='bbox 704 280 759 315; x_wconf 89' lang='lat' dir='ltr'><strong>non</strong></span> <span class='ocrx_word' id='word_1_20' title='bbox 768 264 858 315; x_wconf 88' lang='lat' dir='ltr'><strong>solum</strong></span> <span class='ocrx_word' id='word_1_21' title='bbox 867 263 953 315; x_wconf 90' lang='lat' dir='ltr'><strong>nul·.</strong></span> 
     </span>
     <span class='ocr_line' id='line_1_4' title="bbox 128 322 939 402; baseline -0.002 -21"><span class='ocrx_word' id='word_1_22' title='bbox 128 332 156 382; x_wconf 94' lang='lat' dir='ltr'><strong>lo</strong></span> <span class='ocrx_word' id='word_1_23' title='bbox 171 331 351 402; x_wconf 81' lang='lat' dir='ltr'><strong>detrimento,</strong></span> <span class='ocrx_word' id='word_1_24' title='bbox 366 322 515 384; x_wconf 79' lang='lat' dir='ltr'><strong>sedetiam</strong></span> <span class='ocrx_word' id='word_1_25' title='bbox 528 333 662 384; x_wconf 92' lang='lat' dir='ltr'><strong>nonnullo</strong></span> <span class='ocrx_word' id='word_1_26' title='bbox 678 332 836 384; x_wconf 87' lang='lat' dir='ltr'><strong>adiumento</strong></span> <span class='ocrx_word' id='word_1_27' title='bbox 850 330 887 380; x_wconf 90' lang='lat' dir='ltr'><strong>ad</strong></span> <span class='ocrx_word' id='word_1_28' title='bbox 902 336 939 380; x_wconf 81' lang='lat' dir='ltr'><strong>te</strong></span> 
     </span>
     <span class='ocr_line' id='line_1_5' title="bbox 128 396 941 465; baseline -0.001 -17"><span class='ocrx_word' id='word_1_29' title='bbox 128 398 339 465; x_wconf 78' lang='lat' dir='ltr'><strong>adipiscendum</strong></span> <span class='ocrx_word' id='word_1_30' title='bbox 356 399 450 450; x_wconf 81' lang='lat' dir='ltr'><strong>futura</strong></span> <span class='ocrx_word' id='word_1_31' title='bbox 468 397 647 451; x_wconf 83' lang='lat' dir='ltr'><strong>existimabat</strong></span> <span class='ocrx_word' id='word_1_32' title='bbox 658 399 762 450; x_wconf 81' lang='lat' dir='ltr'><strong>usitate</strong></span> <span class='ocrx_word' id='word_1_33' title='bbox 775 398 825 448; x_wconf 88' lang='lat' dir='ltr'><strong>illa</strong></span> <span class='ocrx_word' id='word_1_34' title='bbox 837 396 941 447; x_wconf 84' lang='lat' dir='ltr'><strong>studia</strong></span> 
     </span>
     <span class='ocr_line' id='line_1_6' title="bbox 130 465 939 531; baseline -0.004 -16"><span class='ocrx_word' id='word_1_35' title='bbox 130 466 282 517; x_wconf 79' lang='lat' dir='ltr'><strong>doctrinae.</strong></span> <span class='ocrx_word' id='word_1_36' title='bbox 317 467 360 516; x_wconf 90' lang='lat' dir='ltr'><strong>lta</strong></span> <span class='ocrx_word' id='word_1_37' title='bbox 373 466 447 517; x_wconf 88' lang='lat' dir='ltr'><strong>enim</strong></span> <span class='ocrx_word' id='word_1_38' title='bbox 461 467 596 529; x_wconf 74' lang='lat' dir='ltr'><strong>conficio,</strong></span> <span class='ocrx_word' id='word_1_39' title='bbox 611 465 753 527; x_wconf 73' lang='lat' dir='ltr'><strong>recolens,</strong></span> <span class='ocrx_word' id='word_1_40' title='bbox 767 471 799 516; x_wconf 84' lang='lat' dir='ltr'><strong>ut</strong></span> <span class='ocrx_word' id='word_1_41' title='bbox 808 479 939 531; x_wconf 82' lang='lat' dir='ltr'><strong>possum,</strong></span> 
     </span>
     <span class='ocr_line' id='line_1_7' title="bbox 128 528 940 599; baseline -0.005 -16"><span class='ocrx_word' id='word_1_42' title='bbox 128 546 222 583; x_wconf 82' lang='lat' dir='ltr'><strong>mores</strong></span> <span class='ocrx_word' id='word_1_43' title='bbox 233 539 377 599; x_wconf 82' lang='lat' dir='ltr'><strong>parentum</strong></span> <span class='ocrx_word' id='word_1_44' title='bbox 386 533 525 585; x_wconf 57' lang='lat' dir='ltr'><strong>meorum(</strong></span> <span class='ocrx_word' id='word_1_45' title='bbox 552 532 854 584; x_wconf 79' lang='lat' dir='ltr'><strong>llclaxabauturetiam</strong></span> <span class='ocrx_word' id='word_1_46' title='bbox 862 528 940 581; x_wconf 90' lang='lat' dir='ltr'><strong>mihi</strong></span> 
     </span>
     <span class='ocr_line' id='line_1_8' title="bbox 128 597 938 665; baseline -0.005 -16"><span class='ocrx_word' id='word_1_47' title='bbox 128 598 165 649; x_wconf 82' lang='lat' dir='ltr'><strong>ad</strong></span> <span class='ocrx_word' id='word_1_48' title='bbox 182 599 331 650; x_wconf 87' lang='lat' dir='ltr'><strong>ludendum</strong></span> <span class='ocrx_word' id='word_1_49' title='bbox 345 598 473 665; x_wconf 41' lang='lat' dir='ltr'><strong>habenae!</strong></span> <span class='ocrx_word' id='word_1_50' title='bbox 483 600 557 650; x_wconf 88' lang='lat' dir='ltr'><strong>ultra</strong></span> <span class='ocrx_word' id='word_1_51' title='bbox 569 603 815 665; x_wconf 79' lang='lat' dir='ltr'><strong>temperamentum</strong></span> <span class='ocrx_word' id='word_1_52' title='bbox 827 597 938 649; x_wconf 77' lang='lat' dir='ltr'><strong>seveli-</strong></span> 
     </span>
     <span class='ocr_line' id='line_1_9' title="bbox 68 654 939 726; baseline -0.003 -10"><span class='ocrx_word' id='word_1_53' title='bbox 68 678 73 683; x_wconf 82' lang='lat'>·</span> <span class='ocrx_word' id='word_1_54' title='bbox 127 666 194 716; x_wconf 86' lang='lat' dir='ltr'><strong>tatis</strong></span> <span class='ocrx_word' id='word_1_55' title='bbox 213 667 242 715; x_wconf 89' lang='lat' dir='ltr'><strong>in</strong></span> <span class='ocrx_word' id='word_1_56' title='bbox 261 654 473 717; x_wconf 73' lang='lat' dir='ltr'><strong>dissblutioncm</strong></span> <span class='ocrx_word' id='word_1_57' title='bbox 489 665 678 717; x_wconf 77' lang='lat' dir='ltr'><strong>adfectionum</strong></span> <span class='ocrx_word' id='word_1_58' title='bbox 690 666 842 726; x_wconf 79' lang='lat' dir='ltr'><strong>variarum,</strong></span> <span class='ocrx_word' id='word_1_59' title='bbox 861 669 892 713; x_wconf 85' lang='lat' dir='ltr'><strong>et</strong></span> <span class='ocrx_word' id='word_1_60' title='bbox 903 664 939 713; x_wconf 82' lang='lat' dir='ltr'><strong>in</strong></span> 
     </span>
    </p>

    <p class='ocr_par' dir='ltr' id='par_1_3' title="bbox 85 730 937 931">
     <span class='ocr_line' id='line_1_10' title="bbox 119 730 936 799; baseline -0.004 -16"><span class='ocrx_word' id='word_1_61' title='bbox 119 732 255 783; x_wconf 87' lang='lat' dir='ltr'><strong>omnibus</strong></span> <span class='ocrx_word' id='word_1_62' title='bbox 270 737 331 783; x_wconf 88' lang='lat' dir='ltr'><strong>erat</strong></span> <span class='ocrx_word' id='word_1_63' title='bbox 345 732 436 799; x_wconf 86' lang='lat' dir='ltr'><strong>caligo</strong></span> <span class='ocrx_word' id='word_1_64' title='bbox 452 732 640 783; x_wconf 82' lang='lat' dir='ltr'>intercludens</span> <span class='ocrx_word' id='word_1_65' title='bbox 654 730 736 793; x_wconf 89' lang='lat' dir='ltr'><strong>mibi,</strong></span> <span class='ocrx_word' id='word_1_66' title='bbox 749 731 827 781; x_wconf 89' lang='lat' dir='ltr'><strong>Deus</strong></span> <span class='ocrx_word' id='word_1_67' title='bbox 842 744 936 791; x_wconf 71' lang='lat' dir='ltr'><strong>uleus,</strong></span> 
     </span>
     <span class='ocr_line' id='line_1_11' title="bbox 85 794 937 869; baseline -0.005 -19"><span class='ocrx_word' id='word_1_68' title='bbox 85 794 89 811; x_wconf 92' lang='lat'>&#39;</span> <span class='ocrx_word' id='word_1_69' title='bbox 128 799 307 869; x_wconf 79' lang='lat' dir='ltr'><strong>serenitatem</strong></span> <span class='ocrx_word' id='word_1_70' title='bbox 320 799 446 849; x_wconf 84' lang='lat' dir='ltr'><strong>veritatis</strong></span> <span class='ocrx_word' id='word_1_71' title='bbox 459 804 538 862; x_wconf 87' lang='lat' dir='ltr'><strong>tuae;</strong></span> <span class='ocrx_word' id='word_1_72' title='bbox 552 805 582 849; x_wconf 85' lang='lat' dir='ltr'><strong>et</strong></span> <span class='ocrx_word' id='word_1_73' title='bbox 591 798 738 866; x_wconf 82' lang='lat' dir='ltr'><strong>prodiebat</strong></span> <span class='ocrx_word' id='word_1_74' title='bbox 746 803 886 863; x_wconf 85' lang='lat' dir='ltr'><strong>tamquam</strong></span> <span class='ocrx_word' id='word_1_75' title='bbox 896 811 937 846; x_wconf 85' lang='lat' dir='ltr'><strong>ex</strong></span> 
     </span>
     <span class='ocr_line' id='line_1_12' title="bbox 129 864 434 931; baseline 0.003 -16"><span class='ocrx_word' id='word_1_76' title='bbox 129 865 210 930; x_wconf 84' lang='lat' dir='ltr'><strong>adipe</strong></span> <span class='ocrx_word' id='word_1_77' title='bbox 221 864 352 931; x_wconf 88' lang='lat' dir='ltr'><strong>iniquitas</strong></span> <span class='ocrx_word' id='word_1_78' title='bbox 364 879 434 916; x_wconf 88' lang='lat' dir='ltr'><strong>mea.</strong></span> 
     </span>
    </p>

    <p class='ocr_par' dir='ltr' id='par_1_4' title="bbox 94 929 941 1531">
     <span class='ocr_line' id='line_1_13' title="bbox 162 929 936 999; baseline -0.003 -19"><span class='ocrx_word' id='word_1_79' title='bbox 162 930 207 981; x_wconf 60' lang='grc' dir='ltr'><strong>(ἃ.</strong></span> <span class='ocrx_word' id='word_1_80' title='bbox 223 929 269 999; x_wconf 86' lang='lat' dir='ltr'><strong>lV.</strong></span> <span class='ocrx_word' id='word_1_81' title='bbox 287 930 402 983; x_wconf 79' lang='lat' dir='ltr'><strong>Furtum</strong></span> <span class='ocrx_word' id='word_1_82' title='bbox 411 937 486 983; x_wconf 85' lang='lat' dir='ltr'><strong>certe</strong></span> <span class='ocrx_word' id='word_1_83' title='bbox 496 932 576 997; x_wconf 88' lang='lat' dir='ltr'><strong>punit</strong></span> <span class='ocrx_word' id='word_1_84' title='bbox 585 932 631 987; x_wconf 87' lang='lat' dir='ltr'><strong>lex</strong></span> <span class='ocrx_word' id='word_1_85' title='bbox 639 937 697 993; x_wconf 88' lang='lat' dir='ltr'><strong>tua,</strong></span> <span class='ocrx_word' id='word_1_86' title='bbox 706 929 836 990; x_wconf 81' lang='lat' dir='ltr'><strong>Domine,</strong></span> <span class='ocrx_word' id='word_1_87' title='bbox 847 935 875 979; x_wconf 87' lang='lat' dir='ltr'><strong>et</strong></span> <span class='ocrx_word' id='word_1_88' title='bbox 885 929 936 979; x_wconf 85' lang='lat' dir='ltr'><strong>lex</strong></span> 
     </span>
     <span class='ocr_line' id='line_1_14' title="bbox 128 995 937 1065; baseline -0.004 -15"><span class='ocrx_word' id='word_1_89' title='bbox 128 998 233 1065; x_wconf 74' lang='lat' dir='ltr'><strong>scripta</strong></span> <span class='ocrx_word' id='word_1_90' title='bbox 244 998 274 1048; x_wconf 89' lang='lat' dir='ltr'><strong>in</strong></span> <span class='ocrx_word' id='word_1_91' title='bbox 290 999 420 1050; x_wconf 84' lang='lat' dir='ltr'><strong>cordibus</strong></span> <span class='ocrx_word' id='word_1_92' title='bbox 434 996 588 1060; x_wconf 85' lang='lat' dir='ltr'><strong>bominum,</strong></span> <span class='ocrx_word' id='word_1_93' title='bbox 603 1012 685 1064; x_wconf 80' lang='lat' dir='ltr'><strong>qnam</strong></span> <span class='ocrx_word' id='word_1_94' title='bbox 698 1012 733 1047; x_wconf 91' lang='lat' dir='ltr'><strong>ne</strong></span> <span class='ocrx_word' id='word_1_95' title='bbox 747 998 810 1061; x_wconf 80' lang='lat' dir='ltr'><strong>ipsa</strong></span> <span class='ocrx_word' id='word_1_96' title='bbox 819 995 937 1062; x_wconf 85' lang='lat' dir='ltr'><strong>quidem</strong></span> 
     </span>
     <span class='ocr_line' id='line_1_15' title="bbox 128 1061 934 1130; baseline -0.007 -13"><span class='ocrx_word' id='word_1_97' title='bbox 128 1065 204 1117; x_wconf 85' lang='lat' dir='ltr'><strong>delet</strong></span> <span class='ocrx_word' id='word_1_98' title='bbox 221 1065 261 1115; x_wconf 92' lang='lat' dir='ltr'><strong>ini</strong></span> <span class='ocrx_word' id='word_1_99' title='bbox 280 1066 362 1117; x_wconf 86' lang='lat' dir='ltr'><strong>uitas.</strong></span> <span class='ocrx_word' id='word_1_100' title='bbox 399 1065 467 1126; x_wconf 70' lang='lat' dir='ltr'><strong>Quis</strong></span> <span class='ocrx_word' id='word_1_101' title='bbox 484 1066 557 1115; x_wconf 87' lang='lat' dir='ltr'><strong>enim</strong></span> <span class='ocrx_word' id='word_1_102' title='bbox 568 1064 718 1130; x_wconf 78' lang='lat' dir='ltr'><strong>suraequo</strong></span> <span class='ocrx_word' id='word_1_103' title='bbox 734 1064 826 1113; x_wconf 90' lang='lat' dir='ltr'><strong>animo</strong></span> <span class='ocrx_word' id='word_1_104' title='bbox 839 1061 934 1112; x_wconf 85' lang='lat' dir='ltr'><strong>iurem</strong></span> 
     </span>
     <span class='ocr_line' id='line_1_16' title="bbox 126 1126 941 1199; baseline -0.002 -17"><span class='ocrx_word' id='word_1_105' title='bbox 126 1131 247 1199; x_wconf 74' lang='lat' dir='ltr'><strong>petituri</strong></span> <span class='ocrx_word' id='word_1_106' title='bbox 290 1146 322 1182; x_wconf 88' lang='lat' dir='ltr'><strong>ec</strong></span> <span class='ocrx_word' id='word_1_107' title='bbox 336 1133 467 1198; x_wconf 85' lang='lat' dir='ltr'><strong>copiosus</strong></span> <span class='ocrx_word' id='word_1_108' title='bbox 481 1131 609 1183; x_wconf 72' lang='lat' dir='ltr'><strong>adactum</strong></span> <span class='ocrx_word' id='word_1_109' title='bbox 621 1131 725 1196; x_wconf 77' lang='lat' dir='ltr'><strong>inopia.</strong></span> <span class='ocrx_word' id='word_1_110' title='bbox 753 1130 796 1180; x_wconf 16' lang='lat' dir='ltr'><strong>*Et</strong></span> <span class='ocrx_word' id='word_1_111' title='bbox 809 1142 863 1195; x_wconf 84' lang='lat' dir='ltr'><strong>ego</strong></span> <span class='ocrx_word' id='word_1_112' title='bbox 873 1126 941 1180; x_wconf 65' lang='lat' dir='ltr'><strong>fun.</strong></span> 
     </span>
     <span class='ocr_line' id='line_1_17' title="bbox 126 1190 932 1263; baseline -0.002 -14"><span class='ocrx_word' id='word_1_113' title='bbox 126 1208 185 1249; x_wconf 87' lang='lat' dir='ltr'><strong>tum</strong></span> <span class='ocrx_word' id='word_1_114' title='bbox 202 1198 296 1247; x_wconf 85' lang='lat' dir='ltr'><strong>facere</strong></span> <span class='ocrx_word' id='word_1_115' title='bbox 315 1198 392 1248; x_wconf 86' lang='lat' dir='ltr'><strong>volui</strong></span> <span class='ocrx_word' id='word_1_116' title='bbox 406 1204 434 1247; x_wconf 84' lang='lat' dir='ltr'><strong>et</strong></span> <span class='ocrx_word' id='word_1_117' title='bbox 446 1197 522 1259; x_wconf 80' lang='lat' dir='ltr'><strong>feei²</strong></span> <span class='ocrx_word' id='word_1_118' title='bbox 538 1198 614 1248; x_wconf 87' lang='lat' dir='ltr'><strong>nulla</strong></span> <span class='ocrx_word' id='word_1_119' title='bbox 629 1190 932 1263; x_wconf 81' lang='lat' dir='ltr'><strong>compulsusegestate</strong></span> 
     </span>
     <span class='ocr_line' id='line_1_18' title="bbox 126 1262 932 1379; baseline -0.005 -65"><span class='ocrx_word' id='word_1_120' title='bbox 126 1279 178 1315; x_wconf 92' lang='lat' dir='ltr'><strong>nec</strong></span> <span class='ocrx_word' id='word_1_121' title='bbox 188 1263 316 1329; x_wconf 84' lang='lat' dir='ltr'><strong>penuria,</strong></span> <span class='ocrx_word' id='word_1_122' title='bbox 326 1264 376 1323; x_wconf 81' lang='lat' dir='ltr'><strong>sed</strong></span> <span class='ocrx_word' id='word_1_123' title='bbox 386 1263 500 1314; x_wconf 79' lang='lat' dir='ltr'><strong>fastidio</strong></span> <span class='ocrx_word' id='word_1_124' title='bbox 510 1263 644 1325; x_wconf 87' lang='lat' dir='ltr'><strong>iustitiae,</strong></span> <span class='ocrx_word' id='word_1_125' title='bbox 656 1270 685 1313; x_wconf 89' lang='lat' dir='ltr'><strong>et</strong></span> <span class='ocrx_word' id='word_1_126' title='bbox 693 1264 793 1379; x_wconf 42' lang='lat' dir='ltr'><strong>soiius</strong></span> <span class='ocrx_word' id='word_1_127' title='bbox 800 1262 932 1328; x_wconf 88' lang='lat' dir='ltr'><strong>iniquita·</strong></span> 
     </span>
     <span class='ocr_line' id='line_1_19' title="bbox 126 1328 933 1395; baseline -0.004 -15"><span class='ocrx_word' id='word_1_128' title='bbox 126 1332 172 1381; x_wconf 86' lang='lat' dir='ltr'><strong>tis.</strong></span> <span class='ocrx_word' id='word_1_129' title='bbox 207 1328 277 1379; x_wconf 89' lang='lat' dir='ltr'><strong>Nam</strong></span> <span class='ocrx_word' id='word_1_130' title='bbox 291 1329 320 1379; x_wconf 93' lang='lat' dir='ltr'><strong>id</strong></span> <span class='ocrx_word' id='word_1_131' title='bbox 333 1328 441 1379; x_wconf 85' lang='lat' dir='ltr'><strong>furatus</strong></span> <span class='ocrx_word' id='word_1_132' title='bbox 455 1344 529 1392; x_wconf 88' lang='lat' dir='ltr'><strong>sum,</strong></span> <span class='ocrx_word' id='word_1_133' title='bbox 543 1330 619 1395; x_wconf 80' lang='lat' dir='ltr'><strong>quod</strong></span> <span class='ocrx_word' id='word_1_134' title='bbox 632 1328 702 1379; x_wconf 87' lang='lat' dir='ltr'><strong>mihi</strong></span> <span class='ocrx_word' id='word_1_135' title='bbox 714 1345 732 1379; x_wconf 92' lang='lat' dir='ltr'><strong>a</strong></span> <span class='ocrx_word' id='word_1_136' title='bbox 750 1329 885 1389; x_wconf 87' lang='lat' dir='ltr'><strong>undabat,</strong></span> <span class='ocrx_word' id='word_1_137' title='bbox 902 1334 933 1378; x_wconf 84' lang='lat' dir='ltr'><strong>et</strong></span> 
     </span>
     <span class='ocr_line' id='line_1_20' title="bbox 125 1390 931 1461; baseline -0.006 -12"><span class='ocrx_word' id='word_1_138' title='bbox 125 1395 213 1449; x_wconf 75' lang='lat' dir='ltr'><strong>niulto</strong></span> <span class='ocrx_word' id='word_1_139' title='bbox 227 1394 335 1445; x_wconf 87' lang='lat' dir='ltr'><strong>melius.</strong></span> <span class='ocrx_word' id='word_1_140' title='bbox 370 1390 429 1445; x_wconf 87' lang='lat' dir='ltr'><strong>Nec</strong></span> <span class='ocrx_word' id='word_1_141' title='bbox 443 1409 477 1445; x_wconf 91' lang='lat' dir='ltr'><strong>ea</strong></span> <span class='ocrx_word' id='word_1_142' title='bbox 489 1409 520 1445; x_wconf 86' lang='lat' dir='ltr'><strong>re</strong></span> <span class='ocrx_word' id='word_1_143' title='bbox 534 1395 662 1446; x_wconf 82' lang='lat' dir='ltr'><strong>volebam</strong></span> <span class='ocrx_word' id='word_1_144' title='bbox 675 1394 745 1459; x_wconf 85' lang='lat' dir='ltr'><strong>frui,</strong></span> <span class='ocrx_word' id='word_1_145' title='bbox 758 1411 841 1461; x_wconf 88' lang='lat' dir='ltr'><strong>quam</strong></span> <span class='ocrx_word' id='word_1_146' title='bbox 853 1393 931 1445; x_wconf 77' lang='lat' dir='ltr'><strong>iusto</strong></span> 
     </span>
     <span class='ocr_line' id='line_1_21' title="bbox 94 1459 933 1531; baseline -0.005 -15"><span class='ocrx_word' id='word_1_147' title='bbox 94 1493 96 1498; x_wconf 38' lang='lat' dir='ltr'><strong>f</strong></span> <span class='ocrx_word' id='word_1_148' title='bbox 125 1461 303 1531; x_wconf 83' lang='lat' dir='ltr'><strong>adpetebam3</strong></span> <span class='ocrx_word' id='word_1_149' title='bbox 324 1462 374 1513; x_wconf 89' lang='lat' dir='ltr'><strong>sed</strong></span> <span class='ocrx_word' id='word_1_150' title='bbox 392 1462 454 1528; x_wconf 86' lang='lat' dir='ltr'><strong>ipso</strong></span> <span class='ocrx_word' id='word_1_151' title='bbox 472 1459 548 1514; x_wconf 67' lang='lat' dir='ltr'><strong>iusto</strong></span> <span class='ocrx_word' id='word_1_152' title='bbox 564 1470 593 1515; x_wconf 84' lang='lat' dir='ltr'><strong>et</strong></span> <span class='ocrx_word' id='word_1_153' title='bbox 606 1469 732 1529; x_wconf 81' lang='lat' dir='ltr'><strong>peccato.</strong></span> <span class='ocrx_word' id='word_1_154' title='bbox 766 1462 857 1514; x_wconf 81' lang='lat' dir='ltr'><strong>Arbor</strong></span> <span class='ocrx_word' id='word_1_155' title='bbox 870 1470 933 1512; x_wconf 83' lang='lat' dir='ltr'><strong>erat</strong></span> 
     </span>
    </p>

    <p class='ocr_par' dir='ltr' id='par_1_5' title="bbox 54 1529 932 2668">
     <span class='ocr_line' id='line_1_22' title="bbox 144 1529 931 1597; baseline -0.004 -14"><span class='ocrx_word' id='word_1_156' title='bbox 144 1533 203 1583; x_wconf 84' lang='lat' dir='ltr'><strong>irus</strong></span> <span class='ocrx_word' id='word_1_157' title='bbox 221 1530 250 1582; x_wconf 88' lang='lat' dir='ltr'><strong>in</strong></span> <span class='ocrx_word' id='word_1_158' title='bbox 270 1529 373 1580; x_wconf 83' lang='lat' dir='ltr'><strong>vicinia</strong></span> <span class='ocrx_word' id='word_1_159' title='bbox 390 1530 488 1580; x_wconf 83' lang='lat' dir='ltr'><strong>vineae</strong></span> <span class='ocrx_word' id='word_1_160' title='bbox 506 1536 620 1582; x_wconf 83' lang='lat' dir='ltr'><strong>nostrae</strong></span> <span class='ocrx_word' id='word_1_161' title='bbox 638 1532 729 1597; x_wconf 87' lang='lat' dir='ltr'><strong>pomis</strong></span> <span class='ocrx_word' id='word_1_162' title='bbox 745 1537 858 1593; x_wconf 85' lang='lat' dir='ltr'><strong>onusta,</strong></span> <span class='ocrx_word' id='word_1_163' title='bbox 878 1545 931 1581; x_wconf 88' lang='lat' dir='ltr'><strong>nec</strong></span> 
     </span>
     <span class='ocr_line' id='line_1_23' title="bbox 116 1547 932 1666; baseline -0.001 -17"><span class='ocrx_word' id='word_1_164' title='bbox 116 1547 217 1660; x_wconf 42' lang='lat' dir='ltr'><strong>,forma</strong></span> <span class='ocrx_word' id='word_1_165' title='bbox 227 1611 279 1649; x_wconf 86' lang='lat' dir='ltr'><strong>nec</strong></span> <span class='ocrx_word' id='word_1_166' title='bbox 289 1612 388 1666; x_wconf 83' lang='lat' dir='ltr'><strong>sapore</strong></span> <span class='ocrx_word' id='word_1_167' title='bbox 398 1597 586 1663; x_wconf 80' lang='lat' dir='ltr'><strong>illecebrosis.</strong></span> <span class='ocrx_word' id='word_1_168' title='bbox 603 1599 645 1650; x_wconf 81' lang='lat' dir='ltr'><strong>nd</strong></span> <span class='ocrx_word' id='word_1_169' title='bbox 654 1597 725 1649; x_wconf 87' lang='lat' dir='ltr'><strong>hanc</strong></span> <span class='ocrx_word' id='word_1_170' title='bbox 735 1598 932 1648; x_wconf 81' lang='lat' dir='ltr'><strong>excutiendam</strong></span> 
     </span>
     <span class='ocr_line' id='line_1_24' title="bbox 125 1664 932 1734; baseline -0.001 -17"><span class='ocrx_word' id='word_1_171' title='bbox 125 1673 208 1734; x_wconf 87' lang='lat' dir='ltr'><strong>atque</strong></span> <span class='ocrx_word' id='word_1_172' title='bbox 228 1664 424 1732; x_wconf 81' lang='lat' dir='ltr'><strong>asportandam</strong></span> <span class='ocrx_word' id='word_1_173' title='bbox 442 1665 607 1732; x_wconf 77' lang='lat' dir='ltr'><strong>nequissimi</strong></span> <span class='ocrx_word' id='word_1_174' title='bbox 620 1664 824 1730; x_wconf 76' lang='lat' dir='ltr'><strong>adolescentuli</strong></span> <span class='ocrx_word' id='word_1_175' title='bbox 836 1679 932 1730; x_wconf 82' lang='lat' dir='ltr'><strong>perre-</strong></span> 
     </span>
     <span class='ocr_line' id='line_1_25' title="bbox 98 1730 930 1800; baseline -0.005 -14"><span class='ocrx_word' id='word_1_176' title='bbox 98 1788 100 1798; x_wconf 69' lang='grc'>,</span> <span class='ocrx_word' id='word_1_177' title='bbox 124 1735 215 1786; x_wconf 77' lang='lat' dir='ltr'><strong>nimus</strong></span> <span class='ocrx_word' id='word_1_178' title='bbox 231 1737 312 1784; x_wconf 85' lang='lat' dir='ltr'><strong>nocte</strong></span> <span class='ocrx_word' id='word_1_179' title='bbox 327 1733 506 1799; x_wconf 84' lang='lat' dir='ltr'><strong>intempesta,</strong></span> <span class='ocrx_word' id='word_1_180' title='bbox 526 1730 670 1800; x_wconf 86' lang='lat' dir='ltr'><strong>quousque</strong></span> <span class='ocrx_word' id='word_1_181' title='bbox 684 1733 779 1783; x_wconf 91' lang='lat' dir='ltr'><strong>ludum</strong></span> <span class='ocrx_word' id='word_1_182' title='bbox 794 1731 829 1782; x_wconf 90' lang='lat' dir='ltr'><strong>de</strong></span> <span class='ocrx_word' id='word_1_183' title='bbox 844 1733 930 1798; x_wconf 85' lang='lat' dir='ltr'><strong>pesti·</strong></span> 
     </span>
     <span class='ocr_line' id='line_1_26' title="bbox 125 1799 930 1866; baseline -0.001 -16"><span class='ocrx_word' id='word_1_184' title='bbox 125 1801 230 1852; x_wconf 90' lang='lat' dir='ltr'><strong>lentiae</strong></span> <span class='ocrx_word' id='word_1_185' title='bbox 244 1809 322 1850; x_wconf 84' lang='lat' dir='ltr'><strong>more</strong></span> <span class='ocrx_word' id='word_1_186' title='bbox 339 1799 369 1849; x_wconf 91' lang='lat' dir='ltr'><strong>in</strong></span> <span class='ocrx_word' id='word_1_187' title='bbox 383 1800 456 1850; x_wconf 82' lang='lat' dir='ltr'><strong>aucis</strong></span> <span class='ocrx_word' id='word_1_188' title='bbox 470 1801 704 1866; x_wconf 81' lang='lat' dir='ltr'><strong>produxeramus3</strong></span> <span class='ocrx_word' id='word_1_189' title='bbox 723 1805 753 1850; x_wconf 85' lang='lat' dir='ltr'><strong>et</strong></span> <span class='ocrx_word' id='word_1_190' title='bbox 765 1799 930 1850; x_wconf 73' lang='lat' dir='ltr'><strong>abstulimus</strong></span> 
     </span>
     <span class='ocr_line' id='line_1_27' title="bbox 125 1866 931 1932; baseline 0 -16"><span class='ocrx_word' id='word_1_191' title='bbox 125 1866 190 1917; x_wconf 90' lang='lat' dir='ltr'><strong>inde</strong></span> <span class='ocrx_word' id='word_1_192' title='bbox 205 1880 291 1918; x_wconf 80' lang='lat' dir='ltr'><strong>onena</strong></span> <span class='ocrx_word' id='word_1_193' title='bbox 305 1866 442 1931; x_wconf 84' lang='lat' dir='ltr'><strong>ingentia,</strong></span> <span class='ocrx_word' id='word_1_194' title='bbox 456 1882 512 1916; x_wconf 89' lang='lat' dir='ltr'><strong>non</strong></span> <span class='ocrx_word' id='word_1_195' title='bbox 526 1867 562 1916; x_wconf 90' lang='lat' dir='ltr'><strong>ad</strong></span> <span class='ocrx_word' id='word_1_196' title='bbox 571 1874 683 1918; x_wconf 83' lang='lat' dir='ltr'><strong>nostras</strong></span> <span class='ocrx_word' id='word_1_197' title='bbox 694 1866 805 1932; x_wconf 82' lang='lat' dir='ltr'><strong>epulas,</strong></span> <span class='ocrx_word' id='word_1_198' title='bbox 823 1866 931 1916; x_wconf 77' lang='lat' dir='ltr'><strong>sedvel</strong></span> 
     </span>
     <span class='ocr_line' id='line_1_28' title="bbox 124 1932 930 2046; baseline 0.002 -64"><span class='ocrx_word' id='word_1_199' title='bbox 124 1932 301 2000; x_wconf 71' lang='lat' dir='ltr'><strong>projicienda</strong></span> <span class='ocrx_word' id='word_1_200' title='bbox 310 1933 421 2046; x_wconf 50' lang='lat' dir='ltr'><strong>goonis,</strong></span> <span class='ocrx_word' id='word_1_201' title='bbox 436 1933 546 1982; x_wconf 85' lang='lat' dir='ltr'><strong>etiamsi</strong></span> <span class='ocrx_word' id='word_1_202' title='bbox 555 1933 662 2000; x_wconf 84' lang='lat' dir='ltr'><strong>aliquid</strong></span> <span class='ocrx_word' id='word_1_203' title='bbox 671 1935 736 1984; x_wconf 91' lang='lat' dir='ltr'><strong>inde</strong></span> <span class='ocrx_word' id='word_1_204' title='bbox 746 1933 930 1996; x_wconf 83' lang='lat' dir='ltr'><strong>comedimus,</strong></span> 
     </span>
     <span class='ocr_line' id='line_1_29' title="bbox 126 1998 930 2074; baseline 0 -24"><span class='ocrx_word' id='word_1_205' title='bbox 126 2001 191 2050; x_wconf 92' lang='lat' dir='ltr'><strong>dum</strong></span> <span class='ocrx_word' id='word_1_206' title='bbox 203 2005 297 2074; x_wconf 76' lang='lat' dir='ltr'><strong>tamen</strong></span> <span class='ocrx_word' id='word_1_207' title='bbox 330 2003 390 2048; x_wconf 85' lang='lat' dir='ltr'><strong>eret</strong></span> <span class='ocrx_word' id='word_1_208' title='bbox 404 2013 421 2048; x_wconf 90' lang='lat' dir='ltr'><strong>a</strong></span> <span class='ocrx_word' id='word_1_209' title='bbox 434 1998 529 2060; x_wconf 87' lang='lat' dir='ltr'><strong>nobis,</strong></span> <span class='ocrx_word' id='word_1_210' title='bbox 546 2001 621 2065; x_wconf 90' lang='lat' dir='ltr'><strong>quod</strong></span> <span class='ocrx_word' id='word_1_211' title='bbox 634 2016 670 2052; x_wconf 90' lang='lat' dir='ltr'><strong>eo</strong></span> <span class='ocrx_word' id='word_1_212' title='bbox 688 2000 791 2052; x_wconf 83' lang='lat' dir='ltr'><strong>liberet</strong></span> <span class='ocrx_word' id='word_1_213' title='bbox 805 2014 861 2064; x_wconf 79' lang='lat' dir='ltr'><strong>quo</strong></span> <span class='ocrx_word' id='word_1_214' title='bbox 872 2014 930 2050; x_wconf 87' lang='lat' dir='ltr'><strong>non</strong></span> 
     </span>
     <span class='ocr_line' id='line_1_30' title="bbox 124 2063 929 2131; baseline -0.001 -13"><span class='ocrx_word' id='word_1_215' title='bbox 124 2066 233 2118; x_wconf 83' lang='lat' dir='ltr'><strong>liceret.</strong></span> <span class='ocrx_word' id='word_1_216' title='bbox 254 2063 328 2112; x_wconf 84' lang='lat' dir='ltr'><strong>Ecce</strong></span> <span class='ocrx_word' id='word_1_217' title='bbox 339 2079 388 2113; x_wconf 87' lang='lat' dir='ltr'><strong>cor</strong></span> <span class='ocrx_word' id='word_1_218' title='bbox 397 2063 584 2130; x_wconf 11' lang='lat' dir='ltr'><strong>meum,chus</strong></span> <span class='ocrx_word' id='word_1_219' title='bbox 593 2083 681 2131; x_wconf 85' lang='lat' dir='ltr'><strong>meus,</strong></span> <span class='ocrx_word' id='word_1_220' title='bbox 692 2082 757 2118; x_wconf 88' lang='lat' dir='ltr'><strong>ecoe</strong></span> <span class='ocrx_word' id='word_1_221' title='bbox 768 2081 929 2130; x_wconf 84' lang='lat' dir='ltr'><strong>cormeum,</strong></span> 
     </span>
     <span class='ocr_line' id='line_1_31' title="bbox 125 2128 929 2200; baseline 0.001 -18"><span class='ocrx_word' id='word_1_222' title='bbox 125 2132 201 2198; x_wconf 90' lang='lat' dir='ltr'><strong>quod</strong></span> <span class='ocrx_word' id='word_1_223' title='bbox 219 2129 366 2180; x_wconf 84' lang='lat' dir='ltr'><strong>miseratus</strong></span> <span class='ocrx_word' id='word_1_224' title='bbox 387 2143 416 2180; x_wconf 86' lang='lat' dir='ltr'><strong>es</strong></span> <span class='ocrx_word' id='word_1_225' title='bbox 435 2132 465 2181; x_wconf 92' lang='lat' dir='ltr'><strong>in</strong></span> <span class='ocrx_word' id='word_1_226' title='bbox 483 2132 539 2182; x_wconf 91' lang='lat' dir='ltr'><strong>imo</strong></span> <span class='ocrx_word' id='word_1_227' title='bbox 555 2134 660 2200; x_wconf 88' lang='lat' dir='ltr'><strong>abyssi.</strong></span> <span class='ocrx_word' id='word_1_228' title='bbox 693 2128 779 2185; x_wconf 81' lang='lat' dir='ltr'><strong>Dicat</strong></span> <span class='ocrx_word' id='word_1_229' title='bbox 790 2134 843 2184; x_wconf 88' lang='lat' dir='ltr'><strong>tibi</strong></span> <span class='ocrx_word' id='word_1_230' title='bbox 855 2149 929 2184; x_wconf 86' lang='lat' dir='ltr'><strong>nune</strong></span> 
     </span>
     <span class='ocr_line' id='line_1_32' title="bbox 54 2197 929 2267; baseline 0.003 -19"><span class='ocrx_word' id='word_1_231' title='bbox 54 2239 58 2258; x_wconf 75' lang='grc'>,</span> <span class='ocrx_word' id='word_1_232' title='bbox 125 2213 191 2248; x_wconf 87' lang='lat' dir='ltr'><strong>ecce</strong></span> <span class='ocrx_word' id='word_1_233' title='bbox 207 2209 370 2248; x_wconf 82' lang='lat' dir='ltr'><strong>cormeum:</strong></span> <span class='ocrx_word' id='word_1_234' title='bbox 389 2197 456 2264; x_wconf 88' lang='lat' dir='ltr'><strong>quid</strong></span> <span class='ocrx_word' id='word_1_235' title='bbox 468 2197 508 2248; x_wconf 90' lang='lat' dir='ltr'><strong>ibi</strong></span> <span class='ocrx_word' id='word_1_236' title='bbox 522 2202 686 2264; x_wconf 85' lang='lat' dir='ltr'><strong>quaerebat,</strong></span> <span class='ocrx_word' id='word_1_237' title='bbox 698 2208 730 2251; x_wconf 85' lang='lat' dir='ltr'><strong>ut</strong></span> <span class='ocrx_word' id='word_1_238' title='bbox 739 2215 830 2252; x_wconf 85' lang='lat' dir='ltr'><strong>essem</strong></span> <span class='ocrx_word' id='word_1_239' title='bbox 840 2201 929 2267; x_wconf 79' lang='lat' dir='ltr'><strong>gratis</strong></span> 
     </span>
     <span class='ocr_line' id='line_1_33' title="bbox 124 2263 928 2326; baseline 0.002 -10"><span class='ocrx_word' id='word_1_240' title='bbox 124 2265 229 2326; x_wconf 76' lang='lat' dir='ltr'><strong>nialus,</strong></span> <span class='ocrx_word' id='word_1_241' title='bbox 245 2269 274 2314; x_wconf 85' lang='lat' dir='ltr'><strong>et</strong></span> <span class='ocrx_word' id='word_1_242' title='bbox 286 2263 409 2314; x_wconf 80' lang='lat' dir='ltr'><strong>nsalitiae</strong></span> <span class='ocrx_word' id='word_1_243' title='bbox 423 2279 501 2316; x_wconf 89' lang='lat' dir='ltr'><strong>meac</strong></span> <span class='ocrx_word' id='word_1_244' title='bbox 516 2281 601 2318; x_wconf 84' lang='lat' dir='ltr'><strong>causa</strong></span> <span class='ocrx_word' id='word_1_245' title='bbox 614 2268 692 2318; x_wconf 87' lang='lat' dir='ltr'><strong>nulla</strong></span> <span class='ocrx_word' id='word_1_246' title='bbox 700 2273 777 2318; x_wconf 89' lang='lat' dir='ltr'><strong>esset</strong></span> <span class='ocrx_word' id='word_1_247' title='bbox 786 2269 841 2319; x_wconf 91' lang='lat' dir='ltr'><strong>nisi</strong></span> <span class='ocrx_word' id='word_1_248' title='bbox 849 2268 928 2318; x_wconf 88' lang='lat' dir='ltr'><strong>mali-</strong></span> 
     </span>
     <span class='ocr_line' id='line_1_34' title="bbox 84 2330 929 2398; baseline 0.008 -22"><span class='ocrx_word' id='word_1_249' title='bbox 84 2369 87 2376; x_wconf 72' lang='grc'>,</span> <span class='ocrx_word' id='word_1_250' title='bbox 124 2331 181 2382; x_wconf 77' lang='lat' dir='ltr'><strong>tial</strong></span> <span class='ocrx_word' id='word_1_251' title='bbox 197 2330 294 2382; x_wconf 86' lang='lat' dir='ltr'><strong>Foeda</strong></span> <span class='ocrx_word' id='word_1_252' title='bbox 306 2336 378 2393; x_wconf 83' lang='lat' dir='ltr'><strong>erat,</strong></span> <span class='ocrx_word' id='word_1_253' title='bbox 394 2337 422 2382; x_wconf 88' lang='lat' dir='ltr'><strong>et</strong></span> <span class='ocrx_word' id='word_1_254' title='bbox 431 2335 522 2384; x_wconf 85' lang='lat' dir='ltr'><strong>amavi</strong></span> <span class='ocrx_word' id='word_1_255' title='bbox 532 2348 605 2397; x_wconf 86' lang='lat' dir='ltr'><strong>cam,</strong></span> <span class='ocrx_word' id='word_1_256' title='bbox 619 2334 823 2398; x_wconf 67' lang='lat' dir='ltr'><strong>ammineum,</strong></span> <span class='ocrx_word' id='word_1_257' title='bbox 836 2336 929 2386; x_wconf 73' lang='lat' dir='ltr'><strong>amavi</strong></span> 
     </span>
     <span class='ocr_line' id='line_1_35' title="bbox 126 2399 929 2467; baseline 0.004 -18"><span class='ocrx_word' id='word_1_258' title='bbox 126 2399 265 2450; x_wconf 84' lang='lat' dir='ltr'><strong>deiectum</strong></span> <span class='ocrx_word' id='word_1_259' title='bbox 274 2411 377 2461; x_wconf 81' lang='lat' dir='ltr'><strong>meum3</strong></span> <span class='ocrx_word' id='word_1_260' title='bbox 396 2399 542 2463; x_wconf 89' lang='lat' dir='ltr'><strong>nonillud,</strong></span> <span class='ocrx_word' id='word_1_261' title='bbox 557 2401 593 2451; x_wconf 93' lang='lat' dir='ltr'><strong>ad</strong></span> <span class='ocrx_word' id='word_1_262' title='bbox 603 2401 678 2467; x_wconf 89' lang='lat' dir='ltr'><strong>quod</strong></span> <span class='ocrx_word' id='word_1_263' title='bbox 688 2401 866 2462; x_wconf 83' lang='lat' dir='ltr'><strong>deficiebam,</strong></span> <span class='ocrx_word' id='word_1_264' title='bbox 876 2402 929 2452; x_wconf 89' lang='lat' dir='ltr'><strong>sed</strong></span> 
     </span>
     <span class='ocr_line' id='line_1_36' title="bbox 127 2465 928 2532; baseline 0.001 -16"><span class='ocrx_word' id='word_1_265' title='bbox 127 2465 265 2520; x_wconf 83' lang='lat' dir='ltr'><strong>defectum</strong></span> <span class='ocrx_word' id='word_1_266' title='bbox 275 2480 366 2517; x_wconf 87' lang='lat' dir='ltr'><strong>meum</strong></span> <span class='ocrx_word' id='word_1_267' title='bbox 374 2465 464 2532; x_wconf 82' lang='lat' dir='ltr'><strong>ipsum</strong></span> <span class='ocrx_word' id='word_1_268' title='bbox 474 2468 573 2518; x_wconf 84' lang='lat' dir='ltr'><strong>amavi.</strong></span> <span class='ocrx_word' id='word_1_269' title='bbox 595 2468 696 2532; x_wconf 75' lang='lat' dir='ltr'><strong>Turpis</strong></span> <span class='ocrx_word' id='word_1_270' title='bbox 706 2469 798 2519; x_wconf 85' lang='lat' dir='ltr'><strong>anima</strong></span> <span class='ocrx_word' id='word_1_271' title='bbox 808 2475 837 2518; x_wconf 93' lang='lat' dir='ltr'><strong>et</strong></span> <span class='ocrx_word' id='word_1_272' title='bbox 846 2469 928 2519; x_wconf 85' lang='lat' dir='ltr'><strong>dissi-</strong></span> 
     </span>
     <span class='ocr_line' id='line_1_37' title="bbox 126 2533 927 2597; baseline 0.002 -13"><span class='ocrx_word' id='word_1_273' title='bbox 126 2533 196 2585; x_wconf 84' lang='lat' dir='ltr'><strong>liens</strong></span> <span class='ocrx_word' id='word_1_274' title='bbox 207 2549 224 2583; x_wconf 84' lang='lat' dir='ltr'><strong>a</strong></span> <span class='ocrx_word' id='word_1_275' title='bbox 233 2534 404 2584; x_wconf 81' lang='lat' dir='ltr'><strong>firmamento</strong></span> <span class='ocrx_word' id='word_1_276' title='bbox 414 2540 462 2584; x_wconf 92' lang='lat' dir='ltr'><strong>tuo</strong></span> <span class='ocrx_word' id='word_1_277' title='bbox 473 2535 502 2584; x_wconf 90' lang='lat' dir='ltr'><strong>in</strong></span> <span class='ocrx_word' id='word_1_278' title='bbox 512 2535 714 2597; x_wconf 79' lang='lat' dir='ltr'><strong>exterminium,</strong></span> <span class='ocrx_word' id='word_1_279' title='bbox 721 2550 775 2584; x_wconf 90' lang='lat' dir='ltr'><strong>non</strong></span> <span class='ocrx_word' id='word_1_280' title='bbox 787 2534 927 2586; x_wconf 85' lang='lat' dir='ltr'><strong>dedecore</strong></span> 
     </span>
     <span class='ocr_line' id='line_1_38' title="bbox 126 2597 597 2668; baseline 0.006 -18"><span class='ocrx_word' id='word_1_281' title='bbox 126 2600 243 2668; x_wconf 86' lang='lat' dir='ltr'><strong>aliquid,</strong></span> <span class='ocrx_word' id='word_1_282' title='bbox 257 2601 306 2652; x_wconf 86' lang='lat' dir='ltr'><strong>sed</strong></span> <span class='ocrx_word' id='word_1_283' title='bbox 317 2597 438 2654; x_wconf 83' lang='lat' dir='ltr'><strong>dedecus</strong></span> <span class='ocrx_word' id='word_1_284' title='bbox 448 2601 597 2668; x_wconf 85' lang='lat' dir='ltr'><strong>adpetensl</strong></span> 
     </span>
    </p>
   </div>
   <div class='ocr_carea' id='block_1_3' title="bbox 0 0 1030 2925">
    <p class='ocr_par' dir='ltr' id='par_1_6' title="bbox 0 0 1030 2925">
     <span class='ocr_line' id='line_1_39' title="bbox 0 0 1030 2925; baseline 0 0"><span class='ocrx_word' id='word_1_285' title='bbox 0 0 1030 2925; x_wconf 95' lang='lat' dir='ltr'><strong> </strong></span> 
     </span>
    </p>
   </div>
  </div>
 </body>
</html>
