<?xml version="1.0" encoding="UTF-8"?>
<!DOCTYPE html PUBLIC "-//W3C//DTD XHTML 1.0 Transitional//EN"
    "http://www.w3.org/TR/xhtml1/DTD/xhtml1-transitional.dtd">
<html xmlns="http://www.w3.org/1999/xhtml" xml:lang="en" lang="en">
 <head>
  <title>
</title>
<meta http-equiv="Content-Type" content="text/html;charset=utf-8" />
  <meta name='ocr-system' content='tesseract 3.04.00' />
  <meta name='ocr-capabilities' content='ocr_page ocr_carea ocr_par ocr_line ocrx_word'/>
</head>
<body>
  <div class='ocr_page' id='page_1' title='image "./saureliiaugusti00brudgoog_0162.png"; bbox 0 0 2050 2925; ppageno 0'>
   <div class='ocr_carea' id='block_1_1' title="bbox 108 96 783 213">
    <p class='ocr_par' dir='ltr' id='par_1_1' title="bbox 108 96 783 213">
     <span class='ocr_line' id='line_1_1' title="bbox 108 96 783 213; baseline -0.009 -12"><span class='ocrx_word' id='word_1_1' title='bbox 108 209 110 213; x_wconf 65' lang='lat'>,</span> <span class='ocrx_word' id='word_1_2' title='bbox 150 108 213 201; x_wconf 77' lang='lat' dir='ltr'>iar</span> <span class='ocrx_word' id='word_1_3' title='bbox 348 96 783 199; x_wconf 62' lang='lat' dir='ltr'>eonnnnrueosnrnr‘</span> 
     </span>
    </p>
   </div>
   <div class='ocr_carea' id='block_1_2' title="bbox 128 240 999 2116">
    <p class='ocr_par' dir='ltr' id='par_1_2' title="bbox 128 240 999 2116">
     <span class='ocr_line' id='line_1_2' title="bbox 150 240 956 313; baseline -0.01 -12"><span class='ocrx_word' id='word_1_4' title='bbox 150 240 956 313; x_wconf 68' lang='lat' dir='ltr'>contubernalessuoqnmorumapndrreveros,cumim-</span> 
     </span>
     <span class='ocr_line' id='line_1_3' title="bbox 149 310 954 382; baseline -0.009 -16"><span class='ocrx_word' id='word_1_5' title='bbox 149 322 263 382; x_wconf 88' lang='lat' dir='ltr'>perator</span> <span class='ocrx_word' id='word_1_6' title='bbox 275 314 466 381; x_wconf 84' lang='lat' dir='ltr'>pomeridiano</span> <span class='ocrx_word' id='word_1_7' title='bbox 480 314 652 367; x_wconf 77' lang='lat' dir='ltr'>circensium</span> <span class='ocrx_word' id='word_1_8' title='bbox 664 310 823 378; x_wconf 81' lang='lat' dir='ltr'>spectaculo</span> <span class='ocrx_word' id='word_1_9' title='bbox 838 316 954 361; x_wconf 82' lang='lat' dir='ltr'>tenere·</span> 
     </span>
     <span class='ocr_line' id='line_1_4' title="bbox 148 378 954 445; baseline -0.007 -12"><span class='ocrx_word' id='word_1_10' title='bbox 148 390 207 445; x_wconf 88' lang='lat' dir='ltr'>tor,</span> <span class='ocrx_word' id='word_1_11' title='bbox 221 383 324 433; x_wconf 79' lang='lat' dir='ltr'>exiisse</span> <span class='ocrx_word' id='word_1_12' title='bbox 335 381 538 438; x_wconf 77' lang='lat' dir='ltr'><strong>deambulatum</strong></span> <span class='ocrx_word' id='word_1_13' title='bbox 547 381 575 430; x_wconf 91' lang='lat' dir='ltr'>in</span> <span class='ocrx_word' id='word_1_14' title='bbox 586 378 682 430; x_wconf 81' lang='lat' dir='ltr'>hortos</span> <span class='ocrx_word' id='word_1_15' title='bbox 694 378 778 429; x_wconf 87' lang='lat' dir='ltr'>moris</span> <span class='ocrx_word' id='word_1_16' title='bbox 789 378 954 443; x_wconf 82' lang='lat' dir='ltr'>contignos,</span> 
     </span>
     <span class='ocr_line' id='line_1_5' title="bbox 150 445 953 518; baseline -0.01 -18"><span class='ocrx_word' id='word_1_17' title='bbox 150 456 234 518; x_wconf 91' lang='lat' dir='ltr'>atque</span> <span class='ocrx_word' id='word_1_18' title='bbox 252 449 322 511; x_wconf 85' lang='lat' dir='ltr'>illie,</span> <span class='ocrx_word' id='word_1_19' title='bbox 342 454 373 498; x_wconf 91' lang='lat' dir='ltr'>ut</span> <span class='ocrx_word' id='word_1_20' title='bbox 390 446 464 498; x_wconf 84' lang='lat' dir='ltr'>forte</span> <span class='ocrx_word' id='word_1_21' title='bbox 478 446 630 507; x_wconf 82' lang='lat' dir='ltr'>bombinati</span> <span class='ocrx_word' id='word_1_22' title='bbox 642 445 844 511; x_wconf 83' lang='lat' dir='ltr'>spatiabantur,</span> <span class='ocrx_word' id='word_1_23' title='bbox 864 458 953 493; x_wconf 89' lang='lat' dir='ltr'>unum</span> 
     </span>
     <span class='ocr_line' id='line_1_6' title="bbox 150 509 953 576; baseline -0.011 -9"><span class='ocrx_word' id='word_1_24' title='bbox 150 532 246 568; x_wconf 84' lang='lat' dir='ltr'>secum</span> <span class='ocrx_word' id='word_1_25' title='bbox 257 529 396 576; x_wconf 86' lang='lat' dir='ltr'>seorsum,</span> <span class='ocrx_word' id='word_1_26' title='bbox 416 519 445 564; x_wconf 89' lang='lat' dir='ltr'>et</span> <span class='ocrx_word' id='word_1_27' title='bbox 457 514 528 563; x_wconf 82' lang='lat' dir='ltr'>alios</span> <span class='ocrx_word' id='word_1_28' title='bbox 542 512 612 565; x_wconf 89' lang='lat' dir='ltr'>duos</span> <span class='ocrx_word' id='word_1_29' title='bbox 625 512 723 563; x_wconf 81' lang='lat' dir='ltr'>itidem</span> <span class='ocrx_word' id='word_1_30' title='bbox 736 524 864 566; x_wconf 79' lang='lat' dir='ltr'>seorsum</span> <span class='ocrx_word' id='word_1_31' title='bbox 876 509 953 576; x_wconf 88' lang='lat' dir='ltr'>pari-</span> 
     </span>
     <span class='ocr_line' id='line_1_7' title="bbox 128 575 952 650; baseline -0.012 -16"><span class='ocrx_word' id='word_1_32' title='bbox 128 589 248 650; x_wconf 66' lang='lat' dir='ltr'>,terque</span> <span class='ocrx_word' id='word_1_33' title='bbox 268 582 423 649; x_wconf 84' lang='lat' dir='ltr'>digressos3</span> <span class='ocrx_word' id='word_1_34' title='bbox 442 580 493 631; x_wconf 89' lang='lat' dir='ltr'>sed</span> <span class='ocrx_word' id='word_1_35' title='bbox 510 580 576 649; x_wconf 62' lang='lat' dir='ltr'>illos</span> <span class='ocrx_word' id='word_1_36' title='bbox 594 577 773 645; x_wconf 82' lang='lat' dir='ltr'>vagabundos</span> <span class='ocrx_word' id='word_1_37' title='bbox 789 576 908 627; x_wconf 82' lang='lat' dir='ltr'>irruisse</span> <span class='ocrx_word' id='word_1_38' title='bbox 920 575 952 624; x_wconf 89' lang='lat' dir='ltr'>in</span> 
     </span>
     <span class='ocr_line' id='line_1_8' title="bbox 152 642 953 716; baseline -0.012 -17"><span class='ocrx_word' id='word_1_39' title='bbox 152 642 953 716; x_wconf 72' lang='lat' dir='ltr'>quamdamcasam,nbihabitabuntquridamoemittri,spi·</span> 
     </span>
     <span class='ocr_line' id='line_1_9' title="bbox 146 710 952 783; baseline -0.01 -17"><span class='ocrx_word' id='word_1_40' title='bbox 146 718 208 767; x_wconf 45' lang='lat' dir='ltr'>&#39;ritu</span> <span class='ocrx_word' id='word_1_41' title='bbox 216 728 360 783; x_wconf 85' lang='lat' dir='ltr'>pauperes,</span> <span class='ocrx_word' id='word_1_42' title='bbox 368 714 542 780; x_wconf 83' lang='lat' dir='ltr'>qualiumest</span> <span class='ocrx_word' id='word_1_43' title='bbox 551 718 667 779; x_wconf 76' lang='lat' dir='ltr'>regnum</span> <span class='ocrx_word' id='word_1_44' title='bbox 676 710 827 771; x_wconf 79' lang='lat' dir='ltr'>coelorum,</span> <span class='ocrx_word' id='word_1_45' title='bbox 836 714 866 759; x_wconf 87' lang='lat' dir='ltr'>et</span> <span class='ocrx_word' id='word_1_46' title='bbox 875 710 952 759; x_wconf 87' lang='lat' dir='ltr'>inve·</span> 
     </span>
     <span class='ocr_line' id='line_1_10' title="bbox 151 775 951 847; baseline -0.01 -14"><span class='ocrx_word' id='word_1_47' title='bbox 151 784 228 834; x_wconf 86' lang='lat' dir='ltr'>nisse</span> <span class='ocrx_word' id='word_1_48' title='bbox 246 782 287 831; x_wconf 90' lang='lat' dir='ltr'>ibi</span> <span class='ocrx_word' id='word_1_49' title='bbox 298 780 435 842; x_wconf 67' lang='lat' dir='ltr'>codicem·</span> <span class='ocrx_word' id='word_1_50' title='bbox 454 782 552 847; x_wconf 89' lang='lat' dir='ltr'>inquo</span> <span class='ocrx_word' id='word_1_51' title='bbox 567 780 670 845; x_wconf 85' lang='lat' dir='ltr'>scripta</span> <span class='ocrx_word' id='word_1_52' title='bbox 684 783 744 828; x_wconf 81' lang='lat' dir='ltr'>erat</span> <span class='ocrx_word' id='word_1_53' title='bbox 756 778 815 827; x_wconf 74' lang='lat' dir='ltr'>vita</span> <span class='ocrx_word' id='word_1_54' title='bbox 825 775 951 827; x_wconf 79' lang='lat' dir='ltr'><strong>Antonii.</strong></span> 
     </span>
     <span class='ocr_line' id='line_1_11' title="bbox 153 842 952 964; baseline -0.009 -65"><span class='ocrx_word' id='word_1_55' title='bbox 153 850 242 909; x_wconf 78' lang='lat' dir='ltr'>Quam</span> <span class='ocrx_word' id='word_1_56' title='bbox 248 848 343 964; x_wconf 47' lang='lat' dir='ltr'>lefere</span> <span class='ocrx_word' id='word_1_57' title='bbox 351 848 444 914; x_wconf 84' lang='lat' dir='ltr'>eoepit</span> <span class='ocrx_word' id='word_1_58' title='bbox 450 863 520 897; x_wconf 86' lang='lat' dir='ltr'>unus</span> <span class='ocrx_word' id='word_1_59' title='bbox 532 860 636 907; x_wconf 86' lang='lat' dir='ltr'>eorum,</span> <span class='ocrx_word' id='word_1_60' title='bbox 644 852 673 895; x_wconf 87' lang='lat' dir='ltr'>et</span> <span class='ocrx_word' id='word_1_61' title='bbox 681 844 777 895; x_wconf 88' lang='lat' dir='ltr'>mirari</span> <span class='ocrx_word' id='word_1_62' title='bbox 786 849 815 893; x_wconf 85' lang='lat' dir='ltr'>et</span> <span class='ocrx_word' id='word_1_63' title='bbox 824 842 952 903; x_wconf 82' lang='lat' dir='ltr'>accendi,</span> 
     </span>
     <span class='ocr_line' id='line_1_12' title="bbox 153 910 953 981; baseline -0.009 -16"><span class='ocrx_word' id='word_1_64' title='bbox 153 922 182 965; x_wconf 85' lang='lat' dir='ltr'>et</span> <span class='ocrx_word' id='word_1_65' title='bbox 194 916 267 965; x_wconf 87' lang='lat' dir='ltr'>inter</span> <span class='ocrx_word' id='word_1_66' title='bbox 291 915 429 981; x_wconf 83' lang='lat' dir='ltr'>egendum</span> <span class='ocrx_word' id='word_1_67' title='bbox 439 914 569 964; x_wconf 87' lang='lat' dir='ltr'>meditari</span> <span class='ocrx_word' id='word_1_68' title='bbox 579 912 705 978; x_wconf 78' lang='lat' dir='ltr'>adripere</span> <span class='ocrx_word' id='word_1_69' title='bbox 715 910 801 961; x_wconf 85' lang='lat' dir='ltr'>talem</span> <span class='ocrx_word' id='word_1_70' title='bbox 809 910 907 972; x_wconf 75' lang='lat' dir='ltr'>vitam,</span> <span class='ocrx_word' id='word_1_71' title='bbox 923 916 953 959; x_wconf 93' lang='lat' dir='ltr'>et</span> 
     </span>
     <span class='ocr_line' id='line_1_13' title="bbox 152 978 953 1033; baseline -0.01 0"><span class='ocrx_word' id='word_1_72' title='bbox 152 984 252 1033; x_wconf 86' lang='lat' dir='ltr'>relicta</span> <span class='ocrx_word' id='word_1_73' title='bbox 261 980 361 1033; x_wconf 89' lang='lat' dir='ltr'>militia</span> <span class='ocrx_word' id='word_1_74' title='bbox 370 981 508 1032; x_wconf 69' lang='lat' dir='ltr'>saeculari</span> <span class='ocrx_word' id='word_1_75' title='bbox 519 979 624 1031; x_wconf 83' lang='lat' dir='ltr'>servire</span> <span class='ocrx_word' id='word_1_76' title='bbox 634 980 697 1029; x_wconf 78' lang='lat' dir='ltr'>tibi:</span> <span class='ocrx_word' id='word_1_77' title='bbox 716 978 802 1027; x_wconf 85' lang='lat' dir='ltr'>Erant</span> <span class='ocrx_word' id='word_1_78' title='bbox 812 982 905 1027; x_wconf 82' lang='lat' dir='ltr'>autern</span> <span class='ocrx_word' id='word_1_79' title='bbox 915 990 953 1026; x_wconf 84' lang='lat' dir='ltr'>ex</span> 
     </span>
     <span class='ocr_line' id='line_1_14' title="bbox 153 1044 952 1115; baseline -0.009 -15"><span class='ocrx_word' id='word_1_80' title='bbox 153 1052 208 1112; x_wconf 82' lang='lat' dir='ltr'>eis,</span> <span class='ocrx_word' id='word_1_81' title='bbox 223 1065 291 1115; x_wconf 86' lang='lat' dir='ltr'>quos</span> <span class='ocrx_word' id='word_1_82' title='bbox 306 1048 401 1099; x_wconf 84' lang='lat' dir='ltr'>dieunt</span> <span class='ocrx_word' id='word_1_83' title='bbox 411 1050 533 1114; x_wconf 79' lang='lat' dir='ltr'><strong>Agentes</strong></span> <span class='ocrx_word' id='word_1_84' title='bbox 546 1047 574 1099; x_wconf 91' lang='lat' dir='ltr'>in</span> <span class='ocrx_word' id='word_1_85' title='bbox 584 1045 684 1095; x_wconf 77' lang='lat' dir='ltr'>rebus..</span> <span class='ocrx_word' id='word_1_86' title='bbox 715 1046 794 1095; x_wconf 84' lang='lat' dir='ltr'>Tunc</span> <span class='ocrx_word' id='word_1_87' title='bbox 804 1044 897 1094; x_wconf 85' lang='lat' dir='ltr'>subito</span> <span class='ocrx_word' id='word_1_88' title='bbox 909 1056 952 1093; x_wconf 88' lang='lat' dir='ltr'>re·</span> 
     </span>
     <span class='ocr_line' id='line_1_15' title="bbox 151 1109 953 1191; baseline -0.011 -24"><span class='ocrx_word' id='word_1_89' title='bbox 151 1118 244 1183; x_wconf 81' lang='lat' dir='ltr'>platus</span> <span class='ocrx_word' id='word_1_90' title='bbox 263 1130 357 1191; x_wconf 69' lang='lat' dir='ltr'>anioqe</span> <span class='ocrx_word' id='word_1_91' title='bbox 376 1122 472 1165; x_wconf 82' lang='lat' dir='ltr'>sancto</span> <span class='ocrx_word' id='word_1_92' title='bbox 492 1121 522 1164; x_wconf 88' lang='lat' dir='ltr'>et</span> <span class='ocrx_word' id='word_1_93' title='bbox 539 1112 633 1163; x_wconf 78' lang='lat' dir='ltr'>sobrio</span> <span class='ocrx_word' id='word_1_94' title='bbox 652 1110 770 1177; x_wconf 84' lang='lat' dir='ltr'>pudore,</span> <span class='ocrx_word' id='word_1_95' title='bbox 789 1111 877 1160; x_wconf 74' lang='lat' dir='ltr'>iratius</span> <span class='ocrx_word' id='word_1_96' title='bbox 894 1109 953 1159; x_wconf 84' lang='lat' dir='ltr'>sibi</span> 
     </span>
     <span class='ocr_line' id='line_1_16' title="bbox 153 1177 952 1243; baseline -0.005 -12"><span class='ocrx_word' id='word_1_97' title='bbox 153 1185 275 1233; x_wconf 84' lang='lat' dir='ltr'>coniecit</span> <span class='ocrx_word' id='word_1_98' title='bbox 288 1182 385 1231; x_wconf 84' lang='lat' dir='ltr'>oculos</span> <span class='ocrx_word' id='word_1_99' title='bbox 397 1183 427 1231; x_wconf 89' lang='lat' dir='ltr'>in</span> <span class='ocrx_word' id='word_1_100' title='bbox 440 1183 571 1243; x_wconf 84' lang='lat' dir='ltr'>amicum,</span> <span class='ocrx_word' id='word_1_101' title='bbox 586 1185 615 1229; x_wconf 85' lang='lat' dir='ltr'>et</span> <span class='ocrx_word' id='word_1_102' title='bbox 625 1180 664 1229; x_wconf 88' lang='lat' dir='ltr'>ait</span> <span class='ocrx_word' id='word_1_103' title='bbox 673 1178 727 1231; x_wconf 83' lang='lat' dir='ltr'>illi:</span> <span class='ocrx_word' id='word_1_104' title='bbox 746 1177 830 1240; x_wconf 66' lang='lat' dir='ltr'>„om</span> <span class='ocrx_word' id='word_1_105' title='bbox 844 1190 952 1243; x_wconf 80' lang='lat' dir='ltr'>quaeso</span> 
     </span>
     <span class='ocr_line' id='line_1_17' title="bbox 153 1245 953 1317; baseline -0.005 -20"><span class='ocrx_word' id='word_1_106' title='bbox 153 1254 197 1309; x_wconf 74' lang='lat' dir='ltr'>te,</span> <span class='ocrx_word' id='word_1_107' title='bbox 205 1248 330 1297; x_wconf 89' lang='lat' dir='ltr'>omnibus</span> <span class='ocrx_word' id='word_1_108' title='bbox 340 1248 402 1297; x_wconf 86' lang='lat' dir='ltr'>istis</span> <span class='ocrx_word' id='word_1_109' title='bbox 412 1245 555 1297; x_wconf 77' lang='lat' dir='ltr'>laboribus</span> <span class='ocrx_word' id='word_1_110' title='bbox 565 1248 668 1297; x_wconf 83' lang='lat' dir='ltr'>nostris</span> <span class='ocrx_word' id='word_1_111' title='bbox 679 1258 735 1311; x_wconf 89' lang='lat' dir='ltr'>quo</span> <span class='ocrx_word' id='word_1_112' title='bbox 745 1245 879 1317; x_wconf 67' lang='lat' dir='ltr'>ambimup</span> <span class='ocrx_word' id='word_1_113' title='bbox 889 1257 953 1309; x_wconf 84' lang='lat' dir='ltr'>per-</span> 
     </span>
     <span class='ocr_line' id='line_1_18' title="bbox 151 1308 953 1379; baseline -0.001 -18"><span class='ocrx_word' id='word_1_114' title='bbox 151 1313 264 1363; x_wconf 67' lang='lat' dir='ltr'>veniret</span> <span class='ocrx_word' id='word_1_115' title='bbox 281 1312 347 1377; x_wconf 93' lang='lat' dir='ltr'>quid</span> <span class='ocrx_word' id='word_1_116' title='bbox 359 1312 532 1377; x_wconf 63' lang='lat' dir='ltr'>quaerimus?</span> <span class='ocrx_word' id='word_1_117' title='bbox 550 1314 629 1362; x_wconf 81' lang='lat' dir='ltr'>cuius</span> <span class='ocrx_word' id='word_1_118' title='bbox 638 1312 682 1363; x_wconf 86' lang='lat' dir='ltr'>rei</span> <span class='ocrx_word' id='word_1_119' title='bbox 691 1326 775 1361; x_wconf 79' lang='lat' dir='ltr'>cauea</span> <span class='ocrx_word' id='word_1_120' title='bbox 783 1308 953 1379; x_wconf 76' lang='lat' dir='ltr'>militamusi</span> 
     </span>
     <span class='ocr_line' id='line_1_19' title="bbox 151 1378 954 1446; baseline -0.005 -16"><span class='ocrx_word' id='word_1_121' title='bbox 151 1379 280 1439; x_wconf 84' lang='lat' dir='ltr'>Maiorne</span> <span class='ocrx_word' id='word_1_122' title='bbox 294 1391 356 1429; x_wconf 83' lang='lat' dir='ltr'>esse</span> <span class='ocrx_word' id='word_1_123' title='bbox 365 1378 471 1442; x_wconf 88' lang='lat' dir='ltr'>poterit</span> <span class='ocrx_word' id='word_1_124' title='bbox 479 1392 543 1445; x_wconf 84' lang='lat' dir='ltr'>spes</span> <span class='ocrx_word' id='word_1_125' title='bbox 553 1384 651 1441; x_wconf 76' lang='lat' dir='ltr'>nostia</span> <span class='ocrx_word' id='word_1_126' title='bbox 659 1381 691 1434; x_wconf 89' lang='lat' dir='ltr'>in</span> <span class='ocrx_word' id='word_1_127' title='bbox 694 1378 814 1446; x_wconf 87' lang='lat' dir='ltr'>palatio,</span> <span class='ocrx_word' id='word_1_128' title='bbox 828 1392 912 1444; x_wconf 89' lang='lat' dir='ltr'>quam</span> <span class='ocrx_word' id='word_1_129' title='bbox 921 1383 954 1427; x_wconf 91' lang='lat' dir='ltr'>ut</span> 
     </span>
     <span class='ocr_line' id='line_1_20' title="bbox 149 1444 952 1513; baseline -0.001 -16"><span class='ocrx_word' id='word_1_130' title='bbox 149 1445 235 1497; x_wconf 82' lang='lat' dir='ltr'>amici</span> <span class='ocrx_word' id='word_1_131' title='bbox 251 1445 430 1513; x_wconf 80' lang='lat' dir='ltr'>Imperatoris</span> <span class='ocrx_word' id='word_1_132' title='bbox 448 1444 549 1498; x_wconf 77' lang='lat' dir='ltr'>rimosi</span> <span class='ocrx_word' id='word_1_133' title='bbox 565 1444 602 1496; x_wconf 85' lang='lat' dir='ltr'>Et</span> <span class='ocrx_word' id='word_1_134' title='bbox 620 1446 671 1508; x_wconf 89' lang='lat' dir='ltr'>ibi,</span> <span class='ocrx_word' id='word_1_135' title='bbox 691 1445 758 1513; x_wconf 89' lang='lat' dir='ltr'>quid</span> <span class='ocrx_word' id='word_1_136' title='bbox 774 1460 830 1496; x_wconf 90' lang='lat' dir='ltr'>non</span> <span class='ocrx_word' id='word_1_137' title='bbox 848 1444 952 1512; x_wconf 82' lang='lat' dir='ltr'>fragile</span> 
     </span>
     <span class='ocr_line' id='line_1_21' title="bbox 150 1512 951 1582; baseline -0.002 -18"><span class='ocrx_word' id='word_1_138' title='bbox 150 1515 318 1582; x_wconf 88' lang='lat' dir='ltr'>plenumque</span> <span class='ocrx_word' id='word_1_139' title='bbox 337 1512 485 1580; x_wconf 63' lang='lat' dir='ltr'>periculis?</span> <span class='ocrx_word' id='word_1_140' title='bbox 498 1513 535 1564; x_wconf 85' lang='lat' dir='ltr'>Et</span> <span class='ocrx_word' id='word_1_141' title='bbox 546 1527 596 1580; x_wconf 86' lang='lat' dir='ltr'>per</span> <span class='ocrx_word' id='word_1_142' title='bbox 609 1519 677 1579; x_wconf 90' lang='lat' dir='ltr'>quot</span> <span class='ocrx_word' id='word_1_143' title='bbox 689 1513 812 1580; x_wconf 81' lang='lat' dir='ltr'>pericula·</span> <span class='ocrx_word' id='word_1_144' title='bbox 823 1513 951 1578; x_wconf 86' lang='lat' dir='ltr'>perveni-</span> 
     </span>
     <span class='ocr_line' id='line_1_22' title="bbox 151 1578 952 1649; baseline -0.004 -19"><span class='ocrx_word' id='word_1_145' title='bbox 151 1589 199 1631; x_wconf 87' lang='lat' dir='ltr'>tur</span> <span class='ocrx_word' id='word_1_146' title='bbox 216 1582 252 1632; x_wconf 85' lang='lat' dir='ltr'>ad</span> <span class='ocrx_word' id='word_1_147' title='bbox 270 1581 402 1649; x_wconf 78' lang='lat' dir='ltr'>grandius</span> <span class='ocrx_word' id='word_1_148' title='bbox 420 1579 589 1648; x_wconf 76' lang='lat' dir='ltr'>periculum&#39;i</span> <span class='ocrx_word' id='word_1_149' title='bbox 605 1580 642 1631; x_wconf 87' lang='lat' dir='ltr'>Et</span> <span class='ocrx_word' id='word_1_150' title='bbox 660 1580 769 1646; x_wconf 81' lang='lat' dir='ltr'>qnando</span> <span class='ocrx_word' id='word_1_151' title='bbox 788 1581 862 1630; x_wconf 80' lang='lat' dir='ltr'>istuc</span> <span class='ocrx_word' id='word_1_152' title='bbox 881 1578 952 1628; x_wconf 77' lang='lat' dir='ltr'>eriti</span> 
     </span>
     <span class='ocr_line' id='line_1_23' title="bbox 152 1643 951 1710; baseline -0.004 -12"><span class='ocrx_word' id='word_1_153' title='bbox 152 1648 263 1709; x_wconf 72' lang='lat' dir='ltr'>Anticus</span> <span class='ocrx_word' id='word_1_154' title='bbox 273 1655 366 1700; x_wconf 91' lang='lat' dir='ltr'>autem</span> <span class='ocrx_word' id='word_1_155' title='bbox 374 1646 429 1699; x_wconf 83' lang='lat' dir='ltr'>Dei</span> <span class='ocrx_word' id='word_1_156' title='bbox 438 1650 463 1699; x_wconf 86' lang='lat' dir='ltr'>si</span> <span class='ocrx_word' id='word_1_157' title='bbox 472 1648 599 1710; x_wconf 85' lang='lat' dir='ltr'>voluero,</span> <span class='ocrx_word' id='word_1_158' title='bbox 611 1661 677 1699; x_wconf 85' lang='lat' dir='ltr'>ecoe</span> <span class='ocrx_word' id='word_1_159' title='bbox 687 1661 759 1698; x_wconf 84' lang='lat' dir='ltr'>nuno</span> <span class='ocrx_word' id='word_1_160' title='bbox 769 1646 835 1698; x_wconf 84' lang='lat' dir='ltr'>iio.“</span> <span class='ocrx_word' id='word_1_161' title='bbox 870 1643 951 1696; x_wconf 82' lang='lat' dir='ltr'>Dixit</span> 
     </span>
     <span class='ocr_line' id='line_1_24' title="bbox 151 1712 952 1782; baseline -0.002 -18"><span class='ocrx_word' id='word_1_162' title='bbox 151 1712 219 1777; x_wconf 83' lang='lat' dir='ltr'>hoc,</span> <span class='ocrx_word' id='word_1_163' title='bbox 239 1722 269 1767; x_wconf 88' lang='lat' dir='ltr'>et</span> <span class='ocrx_word' id='word_1_164' title='bbox 282 1714 410 1768; x_wconf 83' lang='lat' dir='ltr'>turbidus</span> <span class='ocrx_word' id='word_1_165' title='bbox 424 1715 608 1780; x_wconf 75' lang='lat' dir='ltr'>parturitione</span> <span class='ocrx_word' id='word_1_166' title='bbox 621 1729 709 1766; x_wconf 85' lang='lat' dir='ltr'>novae</span> <span class='ocrx_word' id='word_1_167' title='bbox 722 1715 808 1782; x_wconf 73' lang='lat' dir='ltr'>vitae,</span> <span class='ocrx_word' id='word_1_168' title='bbox 826 1712 952 1764; x_wconf 78' lang='lat' dir='ltr'>reddidit</span> 
     </span>
     <span class='ocr_line' id='line_1_25' title="bbox 153 1772 951 1849; baseline 0 -18"><span class='ocrx_word' id='word_1_169' title='bbox 153 1781 252 1834; x_wconf 85' lang='lat' dir='ltr'>oculos</span> <span class='ocrx_word' id='word_1_170' title='bbox 261 1784 383 1849; x_wconf 82' lang='lat' dir='ltr'>paginis,</span> <span class='ocrx_word' id='word_1_171' title='bbox 393 1788 423 1832; x_wconf 89' lang='lat' dir='ltr'>et</span> <span class='ocrx_word' id='word_1_172' title='bbox 431 1783 553 1849; x_wconf 85' lang='lat' dir='ltr'>legebat,</span> <span class='ocrx_word' id='word_1_173' title='bbox 564 1787 592 1832; x_wconf 88' lang='lat' dir='ltr'>et</span> <span class='ocrx_word' id='word_1_174' title='bbox 600 1782 758 1832; x_wconf 87' lang='lat' dir='ltr'>mutabatur</span> <span class='ocrx_word' id='word_1_175' title='bbox 765 1781 851 1842; x_wconf 87' lang='lat' dir='ltr'>intus,</span> <span class='ocrx_word' id='word_1_176' title='bbox 861 1772 911 1830; x_wconf 81' lang='lat' dir='ltr'>ubi</span> <span class='ocrx_word' id='word_1_177' title='bbox 919 1785 951 1831; x_wconf 84' lang='lat' dir='ltr'>to</span> 
     </span>
     <span class='ocr_line' id='line_1_26' title="bbox 151 1846 949 1912; baseline 0.001 -16"><span class='ocrx_word' id='word_1_178' title='bbox 151 1848 279 1912; x_wconf 61' lang='lat' dir='ltr'>videbam</span> <span class='ocrx_word' id='word_1_179' title='bbox 299 1854 328 1898; x_wconf 89' lang='lat' dir='ltr'>et</span> <span class='ocrx_word' id='word_1_180' title='bbox 339 1848 492 1899; x_wconf 81' lang='lat' dir='ltr'>exuebatur</span> <span class='ocrx_word' id='word_1_181' title='bbox 500 1849 603 1900; x_wconf 88' lang='lat' dir='ltr'>mundo</span> <span class='ocrx_word' id='word_1_182' title='bbox 613 1863 691 1899; x_wconf 82' lang='lat' dir='ltr'>mens</span> <span class='ocrx_word' id='word_1_183' title='bbox 701 1851 774 1910; x_wconf 81' lang='lat' dir='ltr'>eius,</span> <span class='ocrx_word' id='word_1_184' title='bbox 787 1853 892 1898; x_wconf 84' lang='lat' dir='ltr'>utmox</span> <span class='ocrx_word' id='word_1_185' title='bbox 901 1846 949 1897; x_wconf 87' lang='lat' dir='ltr'>ad-</span> 
     </span>
     <span class='ocr_line' id='line_1_27' title="bbox 151 1911 999 1982; baseline -0.002 -16"><span class='ocrx_word' id='word_1_186' title='bbox 151 1917 252 1980; x_wconf 80' lang='lat' dir='ltr'>pannt.</span> <span class='ocrx_word' id='word_1_187' title='bbox 287 1913 411 1980; x_wconf 85' lang='lat' dir='ltr'>Namque</span> <span class='ocrx_word' id='word_1_188' title='bbox 424 1915 489 1966; x_wconf 87' lang='lat' dir='ltr'>dum</span> <span class='ocrx_word' id='word_1_189' title='bbox 501 1915 583 1982; x_wconf 82' lang='lat' dir='ltr'>legit,</span> <span class='ocrx_word' id='word_1_190' title='bbox 600 1922 628 1966; x_wconf 85' lang='lat' dir='ltr'>et</span> <span class='ocrx_word' id='word_1_191' title='bbox 640 1915 729 1966; x_wconf 83' lang='lat' dir='ltr'>volvit</span> <span class='ocrx_word' id='word_1_192' title='bbox 740 1913 840 1967; x_wconf 83' lang='lat' dir='ltr'>fluctos</span> <span class='ocrx_word' id='word_1_193' title='bbox 854 1913 949 1966; x_wconf 85' lang='lat' dir='ltr'>cordis</span> <span class='ocrx_word' id='word_1_194' title='bbox 993 1911 999 1920; x_wconf 83' lang='lat'>&#39;</span> 
     </span>
     <span class='ocr_line' id='line_1_28' title="bbox 152 1979 949 2048; baseline 0.003 -19"><span class='ocrx_word' id='word_1_195' title='bbox 152 1981 208 2042; x_wconf 84' lang='lat' dir='ltr'>sui,</span> <span class='ocrx_word' id='word_1_196' title='bbox 227 1979 370 2031; x_wconf 77' lang='lat' dir='ltr'>infremuit</span> <span class='ocrx_word' id='word_1_197' title='bbox 386 1981 548 2046; x_wconf 86' lang='lat' dir='ltr'>aliquando,</span> <span class='ocrx_word' id='word_1_198' title='bbox 571 1988 599 2034; x_wconf 87' lang='lat' dir='ltr'>et</span> <span class='ocrx_word' id='word_1_199' title='bbox 618 1982 751 2036; x_wconf 78' lang='lat' dir='ltr'>discrerit</span> <span class='ocrx_word' id='word_1_200' title='bbox 769 1981 949 2048; x_wconf 79' lang='lat' dir='ltr'>decrevitque</span> 
     </span>
     <span class='ocr_line' id='line_1_29' title="bbox 151 2045 948 2116; baseline 0.001 -20"><span class='ocrx_word' id='word_1_201' title='bbox 151 2045 279 2108; x_wconf 84' lang='lat' dir='ltr'>meliora,</span> <span class='ocrx_word' id='word_1_202' title='bbox 289 2047 397 2112; x_wconf 87' lang='lat' dir='ltr'>iamque</span> <span class='ocrx_word' id='word_1_203' title='bbox 406 2053 471 2098; x_wconf 86' lang='lat' dir='ltr'>tuus</span> <span class='ocrx_word' id='word_1_204' title='bbox 481 2048 619 2108; x_wconf 73' lang='lat' dir='ltr'>aitamisro</span> <span class='ocrx_word' id='word_1_205' title='bbox 630 2063 693 2101; x_wconf 83' lang='lat' dir='ltr'>suo:</span> <span class='ocrx_word' id='word_1_206' title='bbox 712 2049 793 2116; x_wconf 80' lang='lat' dir='ltr'>„Ego</span> <span class='ocrx_word' id='word_1_207' title='bbox 803 2047 948 2100; x_wconf 84' lang='lat' dir='ltr'>iamabru·</span> 
     </span>
    </p>
   </div>
   <div class='ocr_carea' id='block_1_3' title="bbox 14 2112 948 2250">
    <p class='ocr_par' dir='ltr' id='par_1_3' title="bbox 14 2112 948 2250">
     <span class='ocr_line' id='line_1_30' title="bbox 14 2112 948 2179; baseline 0.007 -20"><span class='ocrx_word' id='word_1_208' title='bbox 14 2164 19 2173; x_wconf 25' lang='lat' dir='ltr'>x</span> <span class='ocrx_word' id='word_1_209' title='bbox 75 2155 80 2163; x_wconf 83' lang='grc'>,</span> <span class='ocrx_word' id='word_1_210' title='bbox 151 2113 180 2178; x_wconf 86' lang='lat' dir='ltr'>pi</span> <span class='ocrx_word' id='word_1_211' title='bbox 189 2127 233 2165; x_wconf 88' lang='lat' dir='ltr'>me</span> <span class='ocrx_word' id='word_1_212' title='bbox 243 2112 277 2164; x_wconf 88' lang='lat' dir='ltr'>ob</span> <span class='ocrx_word' id='word_1_213' title='bbox 287 2113 337 2164; x_wconf 84' lang='lat' dir='ltr'>illa</span> <span class='ocrx_word' id='word_1_214' title='bbox 345 2127 394 2178; x_wconf 85' lang='lat' dir='ltr'>spe</span> <span class='ocrx_word' id='word_1_215' title='bbox 403 2119 512 2179; x_wconf 83' lang='lat' dir='ltr'>nostra,</span> <span class='ocrx_word' id='word_1_216' title='bbox 524 2120 553 2164; x_wconf 88' lang='lat' dir='ltr'>et</span> <span class='ocrx_word' id='word_1_217' title='bbox 560 2115 622 2166; x_wconf 81' lang='lat' dir='ltr'>Deo</span> <span class='ocrx_word' id='word_1_218' title='bbox 633 2117 737 2168; x_wconf 73' lang='lat' dir='ltr'>servire</span> <span class='ocrx_word' id='word_1_219' title='bbox 748 2117 845 2178; x_wconf 65' lang='lat' dir='ltr'>stated,</span> <span class='ocrx_word' id='word_1_220' title='bbox 855 2118 885 2164; x_wconf 89' lang='lat' dir='ltr'>et</span> <span class='ocrx_word' id='word_1_221' title='bbox 893 2113 948 2166; x_wconf 86' lang='lat' dir='ltr'>hoc</span> 
     </span>
     <span class='ocr_line' id='line_1_31' title="bbox 16 2177 947 2250; baseline 0.004 -22"><span class='ocrx_word' id='word_1_222' title='bbox 16 2180 19 2190; x_wconf 76' lang='lat'>¹</span> <span class='ocrx_word' id='word_1_223' title='bbox 104 2196 107 2205; x_wconf 44' lang='lat'>¹·</span> <span class='ocrx_word' id='word_1_224' title='bbox 152 2193 188 2229; x_wconf 84' lang='lat' dir='ltr'>ex</span> <span class='ocrx_word' id='word_1_225' title='bbox 197 2177 438 2242; x_wconf 79' lang='lat' dir='ltr'>horahao‚i11hoe</span> <span class='ocrx_word' id='word_1_226' title='bbox 447 2181 511 2232; x_wconf 85' lang='lat' dir='ltr'>loco</span> <span class='ocrx_word' id='word_1_227' title='bbox 522 2183 681 2250; x_wconf 80' lang='lat' dir='ltr'>adgredior.</span> <span class='ocrx_word' id='word_1_228' title='bbox 716 2184 757 2234; x_wconf 85' lang='lat' dir='ltr'>Te</span> <span class='ocrx_word' id='word_1_229' title='bbox 768 2184 792 2236; x_wconf 89' lang='lat' dir='ltr'>si</span> <span class='ocrx_word' id='word_1_230' title='bbox 801 2183 879 2250; x_wconf 83' lang='lat' dir='ltr'>piget</span> <span class='ocrx_word' id='word_1_231' title='bbox 888 2181 947 2232; x_wconf 87' lang='lat' dir='ltr'>imi·</span> 
     </span>
    </p>
   </div>
   <div class='ocr_carea' id='block_1_4' title="bbox 151 2245 948 2450">
    <p class='ocr_par' dir='ltr' id='par_1_4' title="bbox 151 2245 948 2450">
     <span class='ocr_line' id='line_1_32' title="bbox 151 2245 948 2316; baseline 0.005 -20"><span class='ocrx_word' id='word_1_232' title='bbox 151 2247 218 2309; x_wconf 85' lang='lat' dir='ltr'>tari,</span> <span class='ocrx_word' id='word_1_233' title='bbox 231 2246 290 2300; x_wconf 86' lang='lat' dir='ltr'>noli</span> <span class='ocrx_word' id='word_1_234' title='bbox 303 2245 475 2299; x_wconf 75' lang='lat' dir='ltr'>aduersari.&#39;“</span> <span class='ocrx_word' id='word_1_235' title='bbox 509 2249 664 2316; x_wconf 83' lang='lat' dir='ltr'>Respondit</span> <span class='ocrx_word' id='word_1_236' title='bbox 676 2250 736 2312; x_wconf 85' lang='lat' dir='ltr'>iile,</span> <span class='ocrx_word' id='word_1_237' title='bbox 751 2248 904 2302; x_wconf 86' lang='lat' dir='ltr'>adhaerere</span> <span class='ocrx_word' id='word_1_238' title='bbox 917 2265 948 2300; x_wconf 84' lang='lat' dir='ltr'>se</span> 
     </span>
     <span class='ocr_line' id='line_1_33' title="bbox 151 2315 947 2383; baseline 0.003 -19"><span class='ocrx_word' id='word_1_239' title='bbox 151 2315 258 2365; x_wconf 71' lang='lat' dir='ltr'>socium</span> <span class='ocrx_word' id='word_1_240' title='bbox 267 2319 361 2375; x_wconf 85' lang='lat' dir='ltr'>tantae</span> <span class='ocrx_word' id='word_1_241' title='bbox 370 2315 508 2368; x_wconf 84' lang='lat' dir='ltr'>mercedis</span> <span class='ocrx_word' id='word_1_242' title='bbox 517 2322 665 2383; x_wconf 84' lang='lat' dir='ltr'>tantaeque</span> <span class='ocrx_word' id='word_1_243' title='bbox 674 2316 799 2370; x_wconf 84' lang='lat' dir='ltr'>miiitiae.</span> <span class='ocrx_word' id='word_1_244' title='bbox 821 2315 947 2370; x_wconf 84' lang='lat' dir='ltr'>Etambo</span> 
     </span>
     <span class='ocr_line' id='line_1_34' title="bbox 151 2380 948 2450; baseline 0.005 -20"><span class='ocrx_word' id='word_1_245' title='bbox 151 2381 207 2432; x_wconf 84' lang='lat' dir='ltr'>iam</span> <span class='ocrx_word' id='word_1_246' title='bbox 216 2382 258 2432; x_wconf 89' lang='lat' dir='ltr'>tui</span> <span class='ocrx_word' id='word_1_247' title='bbox 267 2380 451 2433; x_wconf 81' lang='lat' dir='ltr'>aedificabant</span> <span class='ocrx_word' id='word_1_248' title='bbox 460 2385 557 2434; x_wconf 87' lang='lat' dir='ltr'>turrim</span> <span class='ocrx_word' id='word_1_249' title='bbox 568 2390 658 2435; x_wconf 83' lang='lat' dir='ltr'>sumtu</span> <span class='ocrx_word' id='word_1_250' title='bbox 667 2383 780 2446; x_wconf 87' lang='lat' dir='ltr'>idoneo,</span> <span class='ocrx_word' id='word_1_251' title='bbox 790 2384 948 2450; x_wconf 84' lang='lat' dir='ltr'>relinquen·</span> 
     </span>
    </p>
   </div>
   <div class='ocr_carea' id='block_1_5' title="bbox 68 2447 950 2514">
    <p class='ocr_par' dir='ltr' id='par_1_5' title="bbox 68 2447 950 2514">
     <span class='ocr_line' id='line_1_35' title="bbox 68 2447 950 2514; baseline 0.002 -16"><span class='ocrx_word' id='word_1_252' title='bbox 68 2493 73 2498; x_wconf 79' lang='grc'><em>,</em></span> <span class='ocrx_word' id='word_1_253' title='bbox 153 2447 183 2498; x_wconf 90' lang='lat' dir='ltr'>di</span> <span class='ocrx_word' id='word_1_254' title='bbox 196 2448 288 2499; x_wconf 89' lang='lat' dir='ltr'>omnia</span> <span class='ocrx_word' id='word_1_255' title='bbox 300 2463 363 2512; x_wconf 84' lang='lat' dir='ltr'>sua,</span> <span class='ocrx_word' id='word_1_256' title='bbox 376 2453 406 2498; x_wconf 88' lang='lat' dir='ltr'>et</span> <span class='ocrx_word' id='word_1_257' title='bbox 418 2451 554 2514; x_wconf 86' lang='lat' dir='ltr'>sequendi</span> <span class='ocrx_word' id='word_1_258' title='bbox 563 2455 600 2500; x_wconf 87' lang='lat' dir='ltr'>te.</span> <span class='ocrx_word' id='word_1_259' title='bbox 636 2452 708 2502; x_wconf 79' lang='lat' dir='ltr'>Tum</span> <span class='ocrx_word' id='word_1_260' title='bbox 717 2449 906 2512; x_wconf 80' lang='lat' dir='ltr'>Pontitianus‚</span> <span class='ocrx_word' id='word_1_261' title='bbox 921 2456 950 2500; x_wconf 86' lang='lat' dir='ltr'>et</span> 
     </span>
    </p>
   </div>
   <div class='ocr_carea' id='block_1_6' title="bbox 150 2513 950 2718">
    <p class='ocr_par' dir='ltr' id='par_1_6' title="bbox 150 2513 950 2718">
     <span class='ocr_line' id='line_1_36' title="bbox 153 2513 950 2583; baseline 0.006 -20"><span class='ocrx_word' id='word_1_262' title='bbox 153 2517 201 2579; x_wconf 89' lang='lat' dir='ltr'>qui</span> <span class='ocrx_word' id='word_1_263' title='bbox 223 2530 285 2566; x_wconf 86' lang='lat' dir='ltr'>oum</span> <span class='ocrx_word' id='word_1_264' title='bbox 308 2529 342 2567; x_wconf 90' lang='lat' dir='ltr'>eo</span> <span class='ocrx_word' id='word_1_265' title='bbox 363 2529 414 2581; x_wconf 86' lang='lat' dir='ltr'>per</span> <span class='ocrx_word' id='word_1_266' title='bbox 431 2516 501 2566; x_wconf 83' lang='lat' dir='ltr'>aiios</span> <span class='ocrx_word' id='word_1_267' title='bbox 520 2513 595 2569; x_wconf 86' lang='lat' dir='ltr'>horti</span> <span class='ocrx_word' id='word_1_268' title='bbox 611 2524 706 2583; x_wconf 84' lang='lat' dir='ltr'>partes</span> <span class='ocrx_word' id='word_1_269' title='bbox 726 2515 950 2580; x_wconf 77' lang='lat' dir='ltr'>deambulabant,</span> 
     </span>
     <span class='ocr_line' id='line_1_37' title="bbox 152 2581 950 2645; baseline 0.009 -16"><span class='ocrx_word' id='word_1_270' title='bbox 152 2588 318 2643; x_wconf 81' lang='lat' dir='ltr'>quaerentes</span> <span class='ocrx_word' id='word_1_271' title='bbox 329 2596 391 2645; x_wconf 90' lang='lat' dir='ltr'>eos,</span> <span class='ocrx_word' id='word_1_272' title='bbox 402 2581 572 2632; x_wconf 81' lang='lat' dir='ltr'>devenerunt</span> <span class='ocrx_word' id='word_1_273' title='bbox 580 2584 609 2634; x_wconf 82' lang='lat' dir='ltr'>ie</span> <span class='ocrx_word' id='word_1_274' title='bbox 619 2584 745 2634; x_wconf 85' lang='lat' dir='ltr'>eumdem</span> <span class='ocrx_word' id='word_1_275' title='bbox 754 2583 860 2645; x_wconf 83' lang='lat' dir='ltr'>locum,</span> <span class='ocrx_word' id='word_1_276' title='bbox 871 2591 901 2634; x_wconf 81' lang='lat' dir='ltr'>et</span> <span class='ocrx_word' id='word_1_277' title='bbox 909 2587 950 2636; x_wconf 86' lang='lat' dir='ltr'>in·</span> 
     </span>
     <span class='ocr_line' id='line_1_38' title="bbox 150 2647 950 2718; baseline 0.013 -24"><span class='ocrx_word' id='word_1_278' title='bbox 150 2647 294 2700; x_wconf 74' lang='lat' dir='ltr'>venientes</span> <span class='ocrx_word' id='word_1_279' title='bbox 308 2648 521 2711; x_wconf 83' lang='lat' dir='ltr'>admonuerunt,</span> <span class='ocrx_word' id='word_1_280' title='bbox 534 2653 566 2698; x_wconf 89' lang='lat' dir='ltr'>ut</span> <span class='ocrx_word' id='word_1_281' title='bbox 577 2649 713 2714; x_wconf 83' lang='lat' dir='ltr'>redirent,</span> <span class='ocrx_word' id='word_1_282' title='bbox 727 2650 802 2718; x_wconf 89' lang='lat' dir='ltr'>quod</span> <span class='ocrx_word' id='word_1_283' title='bbox 812 2650 950 2704; x_wconf 76' lang='lat' dir='ltr'>declinat·</span> 
     </span>
    </p>
   </div>
   <div class='ocr_carea' id='block_1_7' title="bbox 0 0 1030 2925">
    <p class='ocr_par' dir='ltr' id='par_1_7' title="bbox 0 0 1030 2925">
     <span class='ocr_line' id='line_1_39' title="bbox 0 0 1030 2925; baseline 0 0"><span class='ocrx_word' id='word_1_284' title='bbox 0 0 1030 2925; x_wconf 95' lang='lat' dir='ltr'> </span> 
     </span>
    </p>
   </div>
  </div>
 </body>
</html>
