2050 2925
162 178 210 227 102
351 178 528 231 nununrr
545 176 769 233 nucusrmr
797 252 800 257 Ι

92 334 99 339 ,
160 279 191 331 ui
200 277 320 341 solebat,
340 285 370 330 et
383 294 491 343 omnes,
507 283 556 347 qui
568 281 756 343 audieramus,
770 281 903 331 concussi
916 298 962 333 su·

160 361 230 397 mus.
266 346 340 408 Quid
354 355 415 397 erat
428 348 481 398 tibi
492 346 601 411 laetula
614 350 709 399 neseio
721 362 791 415 quae
803 362 871 414 gens
882 356 961 401 tene·

162 412 287 474 brarum,
304 429 384 480 quam
399 428 434 469 ex
446 415 564 466 adversa
576 415 649 466 mole
661 415 753 465 solent
764 429 921 481 opponere,
937 417 962 467 si

165 486 198 531 tu
215 496 276 541 curn
292 495 326 531 ea
356 494 461 547 ugnare
473 481 629 532 noluissent
648 481 676 532 Si
692 482 765 531 enim
778 483 962 548 respondere-
991 542 994 545 ,

166 553 225 608 tur,
241 547 327 613 aliqui
356 546 443 598 luisse
455 548 623 609 nocituram,
637 547 777 599 violabilis
788 554 817 599 tu
828 554 857 599 et
866 564 961 600 curru

8 658 17 667 .
79 613 85 622 *
165 613 271 680 ptibilis
293 612 394 664 fores.⁴
415 612 445 663 Si
463 620 556 665 autem
574 610 645 665 nibil
663 628 698 665 ea
712 629 814 666 nocere
833 618 962 695 potuisse
1019 660 1020 663 ,

167 681 319 742 diceretur,
336 680 414 730 nulia
431 680 588 731 adferretur
605 696 691 732 eausa
705 682 860 748 pugnandi,
880 689 911 734 et
924 684 964 733 ita

165 746 315 813 pugnandi,
321 754 352 797 ut
361 747 495 814 quaedam
504 748 598 818 portio
608 753 705 809 tua‚‘et
714 748 865 799 membrum
875 756 963 809 tuum,

166 812 211 865 rel
220 813 358 879 prolaede
368 814 430 879 ipsa
438 814 594 866 substantia
603 821 652 865 tua
661 815 826 867 misceretur
836 813 963 867 adversis

165 879 351 946 potestatibus
359 886 390 930 et
399 894 454 934 non
465 888 519 933 ate
530 881 632 931 creatis
640 882 760 943 naturis,
772 887 854 947 utque
865 882 894 932 in
903 888 964 933 tan·

163 957 223 998 tum
236 947 271 997 ab
285 946 327 997 eis
342 954 566 1015 corrumperetur
580 956 609 998 et
623 953 836 999 commutaretur
845 948 875 997 in
886 949 964 999 dete·

126 1020 131 1030 “
163 1014 231 1075 rius,
242 1019 273 1064 ut
282 1028 300 1063 a
308 1013 479 1065 beatitudine
490 1016 519 1064 in
528 1014 669 1065 miseriam
679 1020 842 1076 verteretur,
853 1022 883 1065 et
893 1016 963 1066 indi-

164 1080 375 1147 germanilla,
392 1096 447 1147 quo
465 1083 526 1132 erui
540 1081 706 1160 purgarique
721 1086 828 1147 posset:
847 1088 878 1132 et
892 1080 964 1133 hanc

14 1203 17 1213 ¹
91 1201 97 1206 ,
165 1162 227 1199 esse
235 1148 361 1209 animam,
369 1148 414 1198 eui
423 1154 488 1198 tuus
497 1164 589 1199 sermo
600 1148 732 1199 servienti
742 1147 858 1210 liber,et
868 1157 963 1201 conta

105 1238 108 1242 ν
164 1215 284 1263 minatae
294 1228 392 1279 purus,
403 1220 432 1264 et
441 1222 586 1281 corruptae
597 1215 707 1281 integer
718 1214 894 1279 subv‘eniret3
914 1216 965 1268 aed

165 1281 262 1345 etipse
273 1280 476 1346 corruptibilis,
491 1284 556 1348 quia
566 1296 602 1333 cx
610 1297 664 1332 una
675 1282 825 1348 eademque
837 1282 964 1334 substan-

164 1345 212 1396 tia.
248 1344 356 1413 ltaque,
373 1347 398 1397 si
410 1352 452 1408 te,
466 1348 600 1413 quidquid
611 1364 653 1411 es,
669 1348 765 1410 idest,
780 1348 965 1401 substantiam

142 1431 146 1438 =
165 1417 240 1462 tuam
251 1426 354 1480 quaes,
364 1413 603 1479 incorruptibilem
614 1416 747 1478 dicerent,
758 1414 831 1477 salua
841 1431 905 1469 esse
916 1417 965 1468 illa

166 1480 258 1530 onmia
277 1487 305 1532 et
323 1481 519 1546 exsecrabilia3
538 1483 564 1534 si
580 1490 672 1534 autem
693 1483 917 1549 corruptibilem,
935 1485 965 1534 id

164 1547 254 1612 ipsum
267 1547 322 1597 iam
331 1545 432 1598 falsum
443 1555 471 1599 et
480 1549 569 1614 primu
578 1565 646 1600 roca
658 1549 879 1612 abominandum.
917 1550 965 1603 Sat
1020 1575 1021 1614 q

152 1610 234 1680 'ergo
247 1622 308 1666 erut
321 1615 396 1666 istud
409 1616 543 1667 adversus
553 1631 603 1666 eos
615 1617 689 1667 omni
699 1617 781 1667 niodo
794 1619 964 1668 eveniendns
1020 1619 1021 1630 ¹

118 1704 124 1712 ·
166 1695 183 1732 a
195 1695 326 1747 pressura
338 1685 474 1748 pectoris,
485 1684 555 1763 quia
567 1697 623 1733 non
636 1681 775 1734 habebant
787 1698 842 1749 qua
856 1685 965 1736 exirent

165 1748 225 1810 sine
237 1747 365 1800 horribili
374 1751 524 1818 sacrilegio
537 1750 629 1802 cordis
639 1757 668 1801 et
678 1751 803 1818 linguae,
815 1752 963 1803 sentiendo

165 1814 199 1865 dc
209 1822 236 1866 te
247 1815 376 1867 istaetlo
398 1818 498 1870 cende.

216 1884 245 1933 C.
262 1883 309 1934 111.
345 1833 401 1934 Sei
410 1891 440 1935 et
448 1899 503 1952 ego
515 1883 618 1948 adhuc,
631 1885 754 1952 quamvis
765 1886 964 1937 incontamina-

166 1947 251 1999 bilem
257 1950 540 2014 etiuconvertibilem,
548 1959 576 2003 et
584 1953 659 2003 nulla
669 1968 704 2003 ex
714 1959 792 2019 parte
802 1954 963 2004 mutabilem

167 2015 729 2084 dicerem,lirmequesentiremDourinum
739 2025 864 2072 nostrum
874 2021 963 2073 Deum

166 2096 272 2145 rerum,
292 2083 340 2150 qui
358 2081 450 2135 iecisti
470 2100 526 2137 uon
546 2087 637 2136 solum
650 2087 754 2137 animas
770 2093 895 2150 nostras,
915 2087 963 2140 sed

167 2148 251 2199 etiarn
266 2163 396 2215 corpora,
411 2166 462 2202 nee
470 2157 581 2203 tantum
592 2154 696 2204 animas
707 2159 817 2204 nostras
827 2161 857 2206 et
866 2169 953 2220 corpo

165 2229 210 2277 ra,
226 2215 276 2267 sed
290 2231 385 2268 omnes
401 2225 429 2268 et
442 2220 546 2282 omnia,
563 2235 616 2270 non
628 2220 755 2277 tenebam
765 2220 926 2286 explicitam
937 2229 965 2272 et

165 2283 312 2334 enodatam
330 2299 441 2336 eausam
453 2285 528 2336 mali.
564 2286 759 2352 Quaecumque
772 2293 865 2338 tamen
879 2295 964 2348 esset,

165 2349 207 2400 sic
221 2365 281 2402 eam
292 2354 477 2418 quaerendam
492 2353 632 2415 videbam,
646 2359 677 2404 ut
686 2369 740 2403 non
749 2367 800 2419 per
809 2354 887 2405 illam
898 2370 962 2405 con-

114 2431 118 2439 ’
134 2411 143 2423 “
165 2418 318 2484 stringeret
329 2417 419 2470 Deum
431 2420 685 2474 incommutabilem
698 2421 858 2472 mutabilem
869 2421 965 2474 crede-

143 2486 153 2506 *
165 2496 251 2545 re,1ne
261 2487 321 2552 ipse
332 2483 435 2549 fierem,
446 2487 520 2552 quod
531 2487 705 2553 quaerebam.
741 2487 836 2554 ltaque
847 2501 964 2540 securus

166 2563 226 2600 earn
237 2553 414 2618 quaerebam,
428 2560 457 2604 et
467 2560 574 2616 certus,
589 2568 643 2604 non
654 2568 717 2604 esse
726 2569 822 2606 verum
833 2555 910 2622 quod
921 2555 965 2605 illi

66 2655 70 2665 .
166 2617 303 2683 dicerent,
322 2636 391 2686 quos
406 2628 468 2671 toto
482 2621 573 2670 animo
588 2619 742 2686 fugiebam,
757 2622 822 2689 quia
834 2623 965 2674 ridebam

166 2687 459 2760 quaerendumque
479 2687 610 2750 malum,
629 2687 752 2755 repletos
772 2689 891 2754 malitia,
912 2703 967 2758 qua
