2050 2925
123 135 124 143 ‘
191 140 745 213 conrassrouummnunur.
834 140 868 193 ss

65 249 94 294 et
101 242 257 310 gaudebam
266 244 394 309 superbe,
403 251 432 295 et
441 245 581 296 tumebam
592 244 693 311 typh03
704 256 869 311 quamquam
880 297 883 303 ,

64 311 147 377 longe
158 310 299 377 sedatior,
314 310 446 374 Domine,
457 318 488 361 tu
499 313 568 373 scis,
580 317 609 362 et
617 317 742 361 remotus
755 310 867 360 omnino
929 346 933 358 ,

65 378 98 427 ab
124 374 334 438 eversionibus,
358 393 426 443 quas
449 378 591 429 faciebant
615 391 775 436 eversores,
801 374 868 436 (hoc

66 444 138 493 enim
158 458 261 499 nomen
281 458 411 495 scaevum
431 451 459 495 et
479 444 649 512 diabolicum
665 444 743 493 velut
757 443 868 508 insigne

64 510 231 561 urbanitatis
252 511 320 572 est,)
342 510 416 561 inter
435 526 505 576 quos
519 512 646 561 vivebam
660 511 768 577 pudore
782 509 869 575 impu-

66 576 156 637 denti,
168 577 311 641 quietalis
322 592 377 627 non
389 591 476 639 eram;
496 584 524 628 et
535 579 650 628 cumeis
661 592 751 639 eram,
762 582 792 627 et
802 575 869 625 ami·

65 644 139 693 citiis
151 657 248 693 eorum
259 643 420 695 delectabar
430 644 594 709 aliquando,
605 659 622 697 a
632 658 750 711 quorum
759 656 870 708 semper
954 706 958 713 s

65 709 148 761 factis
165 708 362 773 abhorrebam,
383 708 442 761 hoc,
455 716 510 772 est,
532 712 566 761 ab
582 710 788 772 eversionibus,
810 709 869 775 qui·

66 776 116 825 bus
131 781 263 841 proterve
274 776 650 843 insectabanturignotorum
663 778 867 837 verecundiam,

67 858 148 908 quam
161 843 356 908 perturbarent
367 845 453 909 gratis
469 844 627 906 illudendo,
642 849 727 909 atque
741 844 808 894 inde
821 857 868 911 pa-

69 908 173 961 scendo
185 909 339 960 malevolas
351 910 474 961 laetitias
490 925 565 962 suas,
600 910 678 961 Nihil
688 917 732 961 est
740 907 792 960 illo
802 916 869 960 actu

66 975 185 1025 similius
202 976 310 1027 actibus
320 977 539 1028 daemoniorum.
576 977 650 1037 Quid
659 978 754 1042 itaque
764 977 869 1036 verius,

66 1056 147 1109 quam
163 1049 314 1095 eversores
324 1043 507 1096 vocarenturl
524 1044 624 1093 Eversi
634 1044 715 1109 plane
725 1045 802 1109 prius
812 1044 869 1107 ipsi

66 1118 149 1175 atque
161 1111 294 1177 perversi,
307 1109 498 1161 deridentibus
510 1124 560 1160 eos
570 1115 600 1159 et
608 1110 808 1162 seducentibus
815 1109 870 1159 lal-

65 1177 175 1227 lacibus
192 1177 300 1227 occulte
317 1176 461 1245 spiritibus
478 1177 507 1228 in
518 1177 640 1244 coipso,
655 1191 710 1245 quo
724 1176 868 1240 aliosirrig

67 1244 133 1294 dere
151 1251 244 1295 amant
259 1251 288 1295 et
302 1245 410 1296 fallere.
848 1294 897 1306 ,-

117 1311 148 1361 G.
164 1310 211 1361 lV.
247 1310 323 1363 Inter
339 1310 391 1363 hos
408 1326 461 1379 ego
477 1312 620 1364 imbecilla
636 1319 704 1369 tunc
716 1319 810 1364 aetate
826 1312 866 1362 di-

66 1378 182 1428 scebam
193 1378 281 1431 libros
293 1378 520 1446 eloquentiae,in
528 1381 710 1446 quaeminere
721 1380 867 1445 cupiebam
890 1393 892 1402 ’

68 1446 121 1498 fine
132 1444 282 1508 damnabili
291 1453 319 1499 et
329 1451 447 1498 ventoso
457 1462 508 1514 per
518 1447 622 1514 gaudia
631 1444 868 1498 vanitatis‘huma-

68 1515 137 1576 na'e3
157 1520 187 1564 et
206 1514 311 1564 usitato
325 1515 381 1564 iam
398 1514 527 1566 discendi
537 1515 635 1564 ordine
644 1516 827 1579 perveneram
839 1513 873 1561 in

66 1579 168 1632 librum
197 1581 342 1647 quemdam
366 1578 525 1642 Ciceronis,
554 1581 648 1642 cuius
652 1580 777 1644 linguam
807 1577 869 1631 fere

67 1652 165 1698 omnes
175 1649 318 1710 mirantur,
329 1655 426 1716 pectus
437 1662 493 1697 non
502 1648 551 1698 ita
572 1645 629 1698 Sed
638 1645 710 1696 liber
719 1645 768 1696 ille
779 1645 868 1710 ipsius
894 1698 901 1710 .

67 1712 292 1769 exhortationem
302 1717 428 1767 continet
437 1713 473 1764 ad
481 1711 704 1779 philosophiam,
715 1717 744 1762 et
753 1717 870 1764 vocatur

65 1781 245 1832 Hortensius.
280 1783 345 1834 llle
370 1797 452 1834 vero
478 1781 570 1833 liber
588 1781 734 1830 mutavit
757 1777 868 1829 adfec·
938 1809 945 1814 «

66 1853 134 1898 tum
151 1863 272 1910 meum,
293 1856 329 1900 et
343 1849 384 1900 ad
398 1855 430 1900 te
445 1849 571 1914 ipsum,
589 1846 747 1909 Domine,
766 1850 868 1897 muta·

65 1916 115 1964 vit
134 1929 256 1980 preces
271 1931 376 1978 meas,
398 1923 431 1968 et
448 1920 530 1967 vota
549 1928 588 1965 ac
604 1913 782 1964 desideria
796 1927 869 1964 mea
924 1938 947 1956 a

66 1981 158 2032 fecit
170 1982 249 2033 alia.
275 1979 390 2034 Viluit
402 1979 485 2034 mihi
501 1987 645 2050 repente
660 1981 770 2033 omnis
785 1995 868 2033 vana

66 2061 159 2114 spes,
176 2056 209 2101 et
221 2049 523 2102 immortalitatem
535 2049 733 2116 sapientiae
749 2063 867 2100 concu-

65 2115 867 2182 piscabanraestucordisincredibssi3atsur

67 2197 149 2249 gere
165 2198 357 2250 coeperam,
373 2189 409 2235 ut
425 2185 468 2235 ad
481 2183 685 2236 teredirem.
719 2183 867 2236 Nouenim

67 2249 267 2302 adserendam
277 2252 409 2318 linguam,
420 2251 495 2319 quod
504 2250 620 2301 videbar
631 2265 724 2302 emere
734 2250 867 2302 maternis

66 2319 258 2380 mercedibus,
270 2332 455 2386 cumagerem
466 2333 566 2370 anuum
576 2319 677 2368 aetatis
690 2314 868 2383 undevigesi-

66 2399 154 2448 mum,
169 2385 227 2436 iam
241 2384 374 2437 defuncto
388 2392 467 2451 patre
483 2390 547 2435 ante
560 2384 713 2435 biennium:
732 2398 788 2434 non
798 2394 867 2447 ergo

68 2451 103 2502 ad
121 2452 277 2504 acuendam
290 2452 414 2519 linguam
429 2451 585 2502 referebam
599 2451 679 2502 illum
689 2450 803 2508 librum
820 2460 868 2496 ne·
897 2476 900 2485 ι

68 2533 121 2585 que
135 2517 205 2572 mihi
219 2518 405 2581 locutionem,
422 2518 472 2569 sed
481 2518 561 2585 ¹quod
575 2517 742 2582 loquebatur
755 2525 868 2577 persua·
894 2517 897 2524 '

68 2592 153 2637 serat.
190 2584 338 2646 Quomodo
359 2585 503 2646 ardebam,
519 2583 600 2633 Deus
613 2597 707 2640 meus,
728 2577 868 2654 quomodo

69 2651 204 2704 ardebam
222 2651 352 2703 revolare
369 2667 387 2702 a
405 2651 525 2718 terrenis
542 2647 579 2700 ad
594 2654 638 2709 te;
657 2652 686 2696 et
700 2643 869 2701 neselebtms

101 2727 240 2771 Aucusr.
254 2724 405 2780 corrasa,
496 2726 500 2739 ‘¹
630 2711 665 2779 ,G
