2050 2925
163 146 197 196 ss
239 110 249 131 '
311 150 314 157 ⁴
347 144 530 197 *nununn
546 142 771 219 sueusrrur

165 260 298 297 coaerum
316 246 385 299 mihi
400 254 428 298 et
444 245 731 297 conflorentem‘flore
745 244 966 306 adolescentiae.

163 314 273 367 Mecum
283 329 351 381 puer
362 320 495 376 creverat,
507 320 536 364 et
544 315 649 379 pariter
658 314 688 363 in
697 312 823 363 scholam
831 312 966 374 ieramus,

160 381 320 448 pariterque
330 381 492 433 luseramus.
529 380 584 431 Sed
593 380 715 430 nendum
724 380 834 431 eratsic
843 379 965 441 amicus,

163 463 328 515 quamquam
338 463 372 499 ne
382 454 448 498 tune
458 447 582 513 quidem,
593 448 677 498 sicuti
687 452 738 508 est,
746 445 816 497 'vera
826 446 964 508 amicitia3

163 516 305 581 quianon
323 520 375 582 est
393 528 484 577 vera,
503 515 571 564 nisi
591 529 661 566 cum
680 528 749 563 eam
766 519 802 563 tn
819 512 964 579 adgluti-

151 596 223 633 .nas
240 583 329 633 inter
348 578 566 631 inhaerentes
583 581 645 631 tibi
659 582 824 643 caritate,·
836 577 965 631 diffusa

161 650 195 699 in
214 648 377 699 cordibus
396 648 526 699 nostris
542 661 604 714 per
622 647 784 714 Spiritum
803 648 963 708 sanctum,

163 716 212 782 qui
230 715 310 765 datus
330 716 373 765 'cst
389 715 479 766 nobis.
516 714 573 766 Sed
586 714 782 768 tarnendulcis
797 720 858 763 erat
871 715 965 773 nimis,

163 780 262 832 coacta
279 780 391 832 ferrera
405 782 535 849 parilium
549 782 713 832 studiorum.
750 780 819 831 Nam
833 786 864 831 ct
878 795 897 830 a
909 781 964 831 fide

162 862 241 909 vera,
261 862 341 913 quam
361 864 417 899 non
436 850 606 915 germanitus
625 855 654 898 et
671 849 781 915 penitus
797 848 963 898 adolescens

161 916 286 977 tenebat,
302 912 468 967 deflexeram
480 930 533 983 ego
544 931 606 966 eum
614 916 644 966 in
656 916 867 982 superstitiosas
877 914 963 966 fabel-

161 982 204 1033 las
216 988 244 1033 et
253 976 438 1048 perniciosas,
449 990 563 1051 propter
573 996 641 1048 quas
652 981 855 1049 planvebatmc
864 988 962 1032 mater.

162 1050 273 1102 Mecum
283 1050 338 1118 iam
349 1050 460 1101 errabat
469 1052 497 1101 in
508 1050 599 1100 auimo
610 1048 693 1100 homo
702 1022 764 1110 ifle,
777 1054 809 1112 et
817 1064 873 1099 non
885 1055 962 1115 pote·

162 1122 207 1167 rat
215 1118 307 1167 anima
315 1131 378 1167 mea
387 1118 447 1169 sine
457 1118 517 1168 iiio.
548 1118 585 1167 Et
594 1131 660 1167 ecce
669 1122 709 1178 tu,
717 1116 866 1167 imminens
878 1116 962 1166 dorso

134 1182 138 1188 ’
161 1184 344 1250 fugitivorum
356 1190 480 1246 tuorum,
495 1184 573 1234 Dens
585 1184 723 1233 ultionum
731 1189 765 1238 ,ct
777 1181 842 1233 fona
856 1184 962 1233 miseri·

163 1250 321 1301 cordianum
339 1251 433 1311 simul,
468 1252 497 1300 ui
511 1252 651 1301 convertis
665 1264 717 1301 uos
731 1250 767 1300 ad
779 1251 898 1301 te-miris
907 1264 962 1300 mo-

163 1316 221 1378 diss
228 1330 293 1366 ecce
304 1266 595 1367 abstulisti‘irominem
604 1316 639 1367 de
648 1315 701 1367 hac
710 1318 777 1380 rita,
787 1332 850 1367 cunr
860 1318 909 1368 rix
919 1332 961 1367 ex·

86 1404 89 1407 ·
161 1382 297 1451 plerisset
314 1398 413 1434 anuum
431 1384 461 1433 in
475 1381 684 1447 amicitiamea,
703 1384 783 1435 suari
796 1383 867 1434 mibi
880 1398 962 1451 supra

162 1465 257 1501 omnes
268 1451 420 1503 suavitates
430 1450 506 1519 iilius
516 1450 590 1502 ritae
601 1467 689 1504 meae.
712 1452 781 1514 Quis
791 1450 891 1504 laudea
902 1458 961 1503 tuas

162 1524 380 1569 enumeraturus
388 1519 454 1570 inse
465 1533 520 1569 uno
531 1534 599 1586 quas
610 1521 740 1586 expertus
751 1519 961 1580 estiQuidtunc

160 1583 264 1649 fecisti,
274 1585 351 1640 Deus
361 1601 449 1649 meus,
462 1593 580 1653 etquam
589 1586 833 1653 investigabilisab
855 1587 961 1638 ssusiu·

161 1652 299 1704 diciorum
311 1653 438 1707 tuorumi
456 1654 524 1705 Cum
538 1655 611 1705 enim
620 1654 762 1704 laboraret
771 1653 820 1704 iile
839 1653 961 1714 ebribus‚

159 1720 248 1772 iacuit
257 1721 305 1772 diu
315 1722 467 1773 sincensu
475 1722 505 1772 in
514 1722 617 1773 sudore
627 1721 715 1773 letali.
741 1721 850 1772 Etcum
865 1721 961 1788 despe-

48 1791 53 1802 '
116 1803 120 1822 =
160 1794 282 1850 taretin,
294 1788 451 1854 baptizatus
463 1795 506 1840 est
516 1790 659 1851 nesciens,
672 1803 718 1839 me
727 1803 784 1838 non
793 1795 923 1850 curante,
934 1794 962 1838 et

160 1864 354 1920 praesumente
367 1856 397 1906 id
407 1856 529 1908 retinere
538 1857 632 1922 potius
642 1855 761 1907 animam
770 1856 844 1919 eius,
879 1856 935 1906 uod
945 1869 960 1904 a

160 1935 205 1971 me
215 1919 441 1987 acceperat,n0n
451 1923 527 1988 quod
535 1923 564 1973 in
573 1923 725 1975 nescientis
735 1936 855 1989 corpore
888 1922 958 1973 ebat.

160 1986 259 2052 Longe
270 1993 361 2039 autem
372 1988 453 2040 aliter
464 1995 537 2052 arat3
547 2005 610 2039 uam
619 1994 763 2042 recreatum
773 1996 818 2040 est
828 1996 859 2040 et
867 1989 960 2041 salvus

160 2053 260 2104 iactus.
297 2053 451 2123 Statimque
467 2063 499 2106 ut
517 2057 635 2122 primum
653 2073 717 2108 cum
734 2071 769 2107 eo
787 2057 868 2124 loqui
902 2057 960 2108 etui

160 2120 252 2185 (potui
265 2127 356 2171 autem
372 2135 450 2184 mox,
464 2129 495 2172 ut
505 2122 669 2190 iilepotuit,
684 2118 862 2205 quandoncn
891 2125 960 2175 iacc-

160 2186 272 2251 dabam,
291 2194 320 2238 et
338 2189 419 2238 nimia
438 2189 626 2256 pendebamus
644 2191 836 2253 erraticam),
853 2191 960 2242 tentari

160 2254 234 2320 apud
243 2253 321 2304 illum
331 2255 461 2319 irridere,
475 2263 614 2323 tamquam
624 2263 654 2309 et
663 2258 714 2310 illo
724 2259 959 2310 irrisuromecum

159 2321 338 2388 baptismum,
357 2337 437 2389 quem
452 2332 598 2389 acceperat
610 2335 702 2376 mente
716 2330 799 2391 atque
813 2339 901 2376 sensu
914 2324 958 2375 ab·

156 2389 347 2465 beatissimus,
366 2390 416 2440 sed
434 2397 528 2442 tamen
540 2393 596 2442 iam
609 2407 641 2443 se
654 2392 797 2457 accepisse
811 2391 956 2455 didicerat.

159 2457 194 2506 At
211 2455 260 2507 ille
273 2457 315 2527 ita
327 2471 371 2508 me
385 2455 530 2508 exhorruit
542 2463 574 2509 ut
587 2459 741 2522 inimicum,
760 2459 959 2525 admonuitque

158 2523 279 2574 mirabili
290 2530 319 2575 et
327 2525 472 2590 repentina
480 2525 624 2587 libertate,
639 2531 671 2575 ut
680 2526 705 2576 si
715 2526 821 2576 amicus
829 2539 895 2576 esse
903 2525 957 2576 rel·

159 2588 227 2649 iem,
243 2591 311 2642 talia
321 2591 375 2642 sibi
386 2591 480 2642 dicere
491 2592 655 2643 desinerem.
690 2591 752 2658 Ego
762 2600 857 2650 autem
866 2599 957 2658 stirpe·

158 2653 249 2709 iactus
264 2663 345 2724 atque
360 2657 485 2712 turbatus
504 2658 601 2712 distuli
611 2672 707 2709 omnes
721 2664 813 2710 motus
827 2672 919 2723 meos,
928 2666 957 2710 ut
