2050 2925
162 138 212 189 ru
349 131 518 209 eunoun
535 130 759 186 rnousrmr

194 252 274 289 arem
285 241 315 287 to
351 250 441 298 orem,
453 250 489 286 ne
502 236 533 285 in
547 236 604 287 ime
615 248 807 301 tergeminum
825 238 856 285 et
864 246 962 285 eccen-

180 306 263 357 ebant
277 319 314 355 no
345 304 449 365 valide,
464 309 496 353 ut
508 303 599 355 omnis
613 317 649 353 ex
663 298 759 369 lingua
768 300 890 369 subdola
898 316 962 354 con·

63 397 67 403 ⁴
158 372 335 431 tradictionis
345 370 427 423 datus
436 368 605 421 inflammare
615 384 667 421 nos
678 368 769 420 acrius
779 374 892 434 posset,
907 383 963 419 non

162 443 349 506 exstinguere.
359 437 562 489 Verumtamen
573 438 637 503 quia
644 442 759 503 propter
765 450 867 486 nomen
875 441 962 497 tuum,

162 508 237 575 quod
244 506 426 572 sanctificasti
436 518 486 570 per
494 510 593 566 terras,
602 506 686 557 etiam
696 504 857 555 laudatores
866 503 962 570 utique

49 570 63 583 ‘
161 573 279 627 haberet
288 575 383 633 rotem
392 577 422 623 et
431 573 604 638 propositum
613 578 753 634 nostrum,
767 570 919 621 iactantiae
928 570 963 621 si·

161 642 227 693 mile
238 640 392 700 ridebatur,
402 654 458 689 nen
468 640 591 706 opperiri
600 644 657 691 tam
666 640 822 705 proximum
830 636 964 689 feriarum

162 717 281 775 tempus,
289 706 340 758 sed
348 706 382 755 de
390 705 687 773 publicaprofesrione
697 712 780 773 atque
788 712 855 756 ante
866 704 964 757 oculos

164 776 285 827 onmium
304 775 359 825 site
370 778 435 823 ente
451 773 608 836 discedere,
626 779 658 825 ut
670 788 805 827 conversa
818 773 848 824 in
861 771 964 824 iactum

162 857 253 895 meum
264 855 314 891 ora
324 847 486 891 cunctorum
493 843 672 905 intuentium,
688 841 900 909 quamricinum
909 841 964 891 rin·

164 908 323 960 demialium
341 909 415 959 diem
434 910 597 974 praevenire
617 910 767 970 ‘doluerim
785 908 873 959 muita
891 907 965 959 dice·

163 982 238 1037 rent,
250 974 325 1042 quod
334 976 417 1042 quasi
425 976 594 1043 adpetissem
603 991 720 1055 magnus
730 977 827 1027 rideri.
863 974 964 1041 thuo
981 1003 986 1011 ·

162 1042 232 1095 mihi
240 1049 300 1093 erat
308 1044 393 1105 istud,
403 1049 585 1110 utputaretur·
593 1050 623 1093 et
632 1044 819 1109 &sonaretur
829 1042 864 1093 de
874 1042 965 1091 animo

90 1112 92 1116 '
163 1109 966 1176 meo,etblasphemaremrbonumnostrum!Quinetiam,

164 1178 241 1246 quod
251 1180 313 1243 ipsa
326 1183 434 1229 aestate
446 1178 573 1229 literario
586 1177 678 1229 labori
687 1178 772 1229 nimio
782 1176 877 1244 pulmo
888 1190 966 1227 meus

128 1288 133 1295 ,
163 1245 265 1296 cedere
276 1251 416 1310 coeperat,
428 1251 456 1295 et
466 1245 615 1299 difficulter
626 1243 736 1296 trahere
746 1245 877 1309 suspiria,
888 1242 967 1295 doio·

163 1311 296 1379 ribusque
308 1311 431 1376 pectoris
444 1312 545 1362 testari
554 1327 584 1363 se
595 1312 733 1374 saucium,
749 1324 902 1377 vocemque
912 1311 968 1361 cle-

163 1380 267 1444 riorem
277 1376 521 1443 productioremve
530 1393 676 1443 recusare,
690 1380 779 1446 primo
789 1378 967 1446 perturbare·

164 1451 217 1508 rat,
232 1460 289 1508 me,
308 1445 373 1512 quia
387 1445 543 1513 magisterii
554 1446 634 1500 illius
649 1449 786 1500 sarcinam
803 1461 894 1516 paene
913 1448 968 1500 iem

164 1514 334 1566 necessitate
345 1514 485 1581 deponere
494 1515 625 1582 cogebat,
636 1522 684 1567 aut
693 1515 718 1567 si
728 1517 821 1566 curari
830 1520 860 1566 et
869 1528 968 1565 conra-

165 1580 273 1633 lescere
287 1584 454 1647 potuissem,
469 1586 545 1634 certe
555 1585 749 1635 intermittere.
785 1581 843 1634 Sed
853 1582 901 1632 ubi
911 1581 968 1648 ple-

164 1663 202 1699 na
211 1649 340 1700 voluntas
349 1651 468 1709 vacandi
476 1656 507 1702 et
514 1649 638 1713 vivendi,
649 1652 780 1718 quoniam
789 1656 820 1700 tu
831 1655 862 1700 ed
871 1648 967 1700 Domi-

164 1731 227 1778 nus,
235 1717 336 1768 oborta
344 1715 559 1784 mihieetatque
570 1719 688 1780 firmata,
697 1720 782 1780 nosti,
792 1712 870 1768 D'eus
881 1729 968 1776 meus,

66 1823 72 1841 ,
165 1783 250 1834 etiam
259 1784 381 1849 gaudere
395 1785 489 1852 coepi,
503 1785 579 1852 quod
588 1783 657 1836 haec
667 1799 779 1853 quoque
789 1783 904 1835 suberat
913 1797 969 1834 non

164 1851 285 1902 mendax
298 1852 454 1916 excusatio,
469 1867 540 1919 quae
555 1850 740 1904 offensionem
749 1851 891 1904 hominum
901 1857 969 1902 tenr-

58 1931 65 1952 Ι
164 1923 288 1981 peraret,
308 1918 357 1983 qui
368 1926 493 1986 propter·
505 1919 611 1972 liberos
631 1934 699 1970 suos
711 1934 756 1972 me
772 1919 891 1970 liberum
904 1931 969 1970 esse

163 1998 312 2048 numquam
326 1985 465 2036 volebant
500 1985 604 2042 Plenus
618 1987 705 2054 igitur
719 1986 770 2038 teli
783 1986 888 2054 gaudio
898 1985 970 2037 tole-

165 2049 261 2099 rabam
268 2051 339 2102 iilud
349 2052 526 2104 intervalium
535 2055 684 2120 temporis,
695 2052 785 2106 donee
795 2054 969 2111 decurreret,

164 2117 262 2166 neseio
277 2119 424 2170 utrumvel
433 2119 533 2186 viginti
542 2121 603 2173 dier
615 2128 706 2185 erant;
725 2122 776 2174 sed
785 2128 879 2173 temen
888 2118 970 2172 forti-

9 2253 22 2260 .
100 2210 102 2214 v
164 2188 209 2233 ter
217 2184 419 2249 tolerabantur,
429 2187 662 2254 quierecesscrat
672 2188 818 2256 cupiditas,
830 2202 902 2256 quae
913 2202 970 2239 me-

166 2264 229 2300 cum
241 2251 352 2303 solebat
364 2250 439 2304 ferre
453 2268 538 2334 grave
553 2257 758 2325 negotium,et-
768 2271 822 2323 ego
860 2270 971 2306 remen·

166 2315 217 2368 dus
228 2333 428 2384 remanseram,
438 2322 494 2373 nrsi
502 2323 639 2389 patientia
648 2323 821 2376 succederet
874 2337 970 2374 eccas·

127 2408 132 2419 ‹
164 2400 197 2436 ee
213 2398 257 2437 me
272 2386 301 2451 in
315 2384 382 2450 hoc,
403 2389 548 2454 quisquam
562 2405 707 2444 servorum
722 2396 836 2445 tuorum
851 2389 975 2440 fratrum

125 2511 129 2518 A
164 2465 290 2513 meorum
308 2452 423 2518 dixerit,
445 2455 521 2523 quod
535 2457 590 2508 iam
602 2457 686 2523 pleno
702 2457 787 2508 corde
801 2457 903 2509 militie
922 2464 975 2507 tun

165 2531 324 2582 persumme
337 2519 437 2573 fuerim
451 2522 497 2573 rel
509 2537 564 2575 uua
578 2520 649 2574 hora
668 2525 767 2576 redere
786 2523 816 2574 in
835 2521 976 2574 cathedra

165 2587 312 2638 urendacii.
346 2589 446 2655 dtego
459 2603 516 2639 non
530 2589 679 2642 contendo.
715 2589 772 2642 Sed
785 2597 831 2652 tu,
846 2589 974 2642 Domine

167 2649 442 2718 misericordissime,
464 2669 557 2706 noune
572 2661 601 2708 et
614 2654 668 2710 hoc
677 2663 897 2732 peccatum'cum
907 2673 974 2710 eae·

177 2753 183 2761 ²
724 2749 732 2774 ἱ
