2050 2925
162 142 243 197 1⁹8.
359 133 761 192 nunaulinuausrmi
807 172 813 187 ,

163 240 395 313 quemadmodum
404 256 421 292 a
429 256 473 292 me
483 240 567 307 longe
578 246 622 290 est
630 238 689 289 ista*
696 236 860 300 consensio,
873 236 919 289 ita
929 238 972 288 sit

129 333 140 350 ·
163 325 273 377 semper
286 310 372 377 longe
386 315 468 375 atque
482 308 604 373 longius.
639 305 695 356 Pro
709 305 799 356 salute
813 310 911 355 autam
922 318 973 355 cu-

161 378 289 444 iusquam
299 393 361 429 cum
370 384 398 427 te
408 389 488 441 rogo,
495 371 692 424 alius'multum
702 370 834 423 differens
845 371 913 421 linis
924 378 974 421 est

67 462 71 465 ·
161 446 324 497 intentionis
336 457 429 505 meae,
443 447 473 491 ct
483 447 512 490 te
522 439 670 490 facientem
681 438 819 506 quodvis,
834 437 885 488 das
897 436 969 489 mihi

164 519 193 563 ct
205 511 283 562 dabis
295 511 417 561 libenter
428 508 515 573 sequi.
553 504 654 556 Verum
664 511 755 555 tamen
764 506 793 555 in
804 520 887 573 quam
897 504 970 555 mul·

162 577 404 629 tis-minutissimis
419 580 448 624 et
462 568 700 623 contemtibilibus
714 572 798 623 rebus
813 572 968 623 curiositas

65 695 68 699 Α
157 639 288 711 *quotidie
307 648 403 693 nostra
420 638 554 690 tentaturi
572 638 609 688 Et
627 652 810 705 quamsaepe
828 638 968 699 labamur,

164 714 225 777 quis
238 707 394 761 enumerati
416 705 533 766 Quoties
544 711 687 755 narrantes
697 705 791 755 inania
800 706 891 771 primo
903 719 969 771 qua-

164 778 189 829 si
197 777 363 836 toleramus,
377 788 411 824 ne
423 770 596 823 offendamus
606 771 744 834 infirmos,
759 770 860 822 deinde
871 771 968 837 paula·

137 888 141 893 .
163 844 214 895 tim
240 841 360 891 libenter
381 837 566 891 advertimus!
601 838 704 889 Canem
726 843 883 889 currentem
903 844 970 905 post

163 910 287 975 leporem
299 910 356 959 iam
368 922 424 958 non
438 911 548 971 specto,
562 905 660 955 cunrin
669 904 800 967 circodt3
820 911 928 956 atvero
938 904 968 955 iu

88 995 93 1001 ·
163 990 242 1043 agro,
253 975 278 1026 si
288 990 355 1026 casu
364 979 512 1035 transeam,
523 972 625 1032 avertit
634 986 678 1021 nne
688 969 818 1022 furtiuis
829 976 860 1021 ct
870 971 906 1021 ab
917 970 967 1021 ali·

164 1058 220 1111 qua
227 1057 329 1111 magna
338 1042 522 1108 cogitatione,
533 1048 615 1105 atque
627 1038 662 1089 ad
672 1052 702 1089 se
713 1037 967 1089 convertitillavc·

11 1166 15 1177 ¹
164 1110 255 1172 natio,
269 1125 325 1160 uon
335 1108 447 1159 deviam
458 1120 562 1173 cogens
573 1116 689 1173 corpore
699 1106 828 1166 iumenti,
843 1104 895 1155 sed
906 1117 967 1154 cor·

92 1209 101 1224 ,»
165 1176 209 1226 dis
228 1175 418 1225 inclinatione.
452 1172 489 1223 Et
502 1172 558 1223 nisi
571 1172 627 1225 iam
639 1170 708 1223 mibi
721 1171 967 1223 demonstratain-

164 1241 295 1291 firmitate
305 1254 367 1290 mea
376 1240 434 1289 cito
444 1239 607 1302 admoneas,
623 1232 906 1305 autexipssvisi'one
916 1250 968 1303 per

164 1306 285 1371 aliquam
297 1304 551 1356 considerationem
563 1306 592 1355 in
603 1312 631 1357 te
639 1305 806 1371 adsurgere,
819 1309 869 1355 aut
877 1308 967 1354 totum
1017 1336 1018 1361 ,

164 1378 343 1422 contemnere
350 1376 433 1436 atque
441 1370 561 1421 transire
572 1387 658 1423 vanus
668 1369 799 1423 hebesco.
819 1370 894 1431 Quid
905 1385 967 1422 cum
1017 1362 1018 1430 l

124 1458 129 1470 ¹
163 1437 291 1490 medomi
299 1436 443 1488 sedentem
454 1436 548 1488 stellio
559 1452 668 1490 muscas
679 1444 801 1506 captans,
807 1438 855 1490 rel
864 1450 968 1488 aranea

163 1505 271 1557 retibus
286 1505 344 1556 suis
359 1505 496 1556 irruentes
510 1505 669 1572 implicans,
683 1519 767 1572 saepe
778 1503 968 1557 intentumla-

165 1573 219 1624 citl
237 1572 307 1623 Num
321 1574 386 1639 quia
397 1586 483 1638 parva
492 1585 558 1623 suut
567 1573 708 1635 animalia,
721 1573 786 1623 ideo
797 1587 854 1639 uon
863 1585 910 1623 res
921 1585 967 1622 ea·

165 1639 228 1691 dem
236 1639 358 1707 geriturl
368 1639 461 1706 Pergo
473 1639 538 1690 inde
546 1639 581 1689 ad
591 1639 757 1691 laudandum
767 1645 797 1691 te
809 1644 966 1691 creatorem

163 1708 322 1768 mirificum,
342 1712 425 1772 atque
445 1705 633 1757 ordinatorem
651 1721 743 1758 rerum
763 1708 896 1770 omnium3
915 1705 967 1756 scd

164 1789 220 1825 nou
230 1774 294 1824 inde
304 1773 426 1824 intentus
436 1787 499 1824 esse
509 1773 623 1838 incipio.
656 1773 738 1825 Aliud
748 1780 792 1824 est
802 1774 858 1824 cito
870 1787 966 1839 surge-

63 1866 65 1871 ·
103 1901 113 1912 x
163 1854 208 1903 re,
222 1839 298 1891 aliud
312 1846 355 1892 est
369 1855 424 1889 non
437 1838 548 1892 cadere.
584 1839 620 1889 Et
632 1840 734 1892 talibus
744 1841 874 1891 vitamea
882 1839 968 1906 plena
1015 1867 1016 1874 κ

165 1913 222 1968 est,
235 1912 264 1956 ct
279 1921 334 1957 una
345 1921 410 1972 spes
422 1921 485 1957 mea
496 1921 596 1974 magna
608 1907 689 1958 valde
704 1907 899 1958 misericordia
907 1912 964 1956 tus.
1015 1911 1016 1978 p

165 1973 234 2022 Cum
247 1973 320 2024 enim
333 1971 526 2024 huiuscemodi
535 1988 626 2029 rerum
636 1973 865 2039 conceptaculum
875 1973 907 2023 llt
916 1987 966 2023 cor
1015 1981 1016 2043 l

163 2043 302 2099 nostrum,
316 2044 346 2088 ct
354 2045 448 2105 portat
460 2041 593 2104 copiosae
607 2041 737 2091 vanitatis
747 2046 885 2102 catervas,
900 2037 964 2090 hiuo

165 2110 194 2171 et
220 2104 362 2155 orationes
384 2110 497 2156 nostrae
520 2120 604 2173 saepe
624 2107 756 2158 intertum
777 2114 861 2158 untur
880 2113 964 2174 atque

164 2168 322 2232 turbantur,
338 2177 368 2221 et
381 2177 445 2221 ante
459 2179 637 2237 conspectum
649 2180 741 2237 tuum,
755 2121 818 2224 dum
832 2173 868 2224 ad
880 2187 963 2225 aures

164 2245 227 2288 tuas
239 2251 336 2288 rocem
349 2237 442 2288 cordis
452 2237 633 2304 intendimus,
646 2241 741 2293 nescio
752 2240 825 2292 unde
835 2240 965 2291 irruenti·
1014 2283 1015 2288 ,

163 2305 262 2356 busnu
284 2305 382 2356 atoriia
393 2319 426 2355 co
449 2305 622 2370 'tationibus‚
632 2322 679 2359 res
688 2314 766 2359 tanta
775 2306 955 2373 praeciditur.
1014 2311 1015 2342 ³

215 2371 244 2422 C.
285 2371 385 2422 xxvi.
445 2372 558 2438 umquid
584 2375 667 2424 etiam
694 2373 748 2426 boc
770 2377 844 2425 inter
865 2380 964 2426 'conie-

164 2439 283 2490 ‚tmenda
302 2437 508 2504 deputabimus,
534 2446 582 2490 sut
600 2440 706 2507 aliquid
726 2453 777 2491 nos
795 2440 915 2492 reducet
934 2441 965 2490 in

164 2518 255 2568 spem,
274 2505 328 2556 nisi
342 2511 404 2555 tota
414 2504 608 2556 misericordia
622 2513 682 2570 tua,
697 2508 826 2574 quoniam
842 2507 966 2573 coepisti

163 2579 270 2622 mutare
286 2572 352 2623 nost
369 2571 406 2622 Et
419 2579 450 2621 tu
463 2571 531 2634 scis,
546 2580 647 2690 spuants
661 2589 696 2626 ex
710 2579 788 2640 parte
801 2574 966 2635 mutaveris,
1013 2605 1014 2654 p

165 2637 211 2701 qui
226 2651 270 2688 mc
286 2640 413 2707 primitus
428 2652 510 2691 sanas
525 2655 541 2690 a
567 2640 670 2694 ibidine
681 2640 838 2694 vindicandi
853 2655 914 2705 nne,
935 2647 969 2694 ut
