2050 2925
215 138 540 195 CONFESSIONUM
557 138 683 194 LIBER
699 142 736 195 11.
842 137 876 192 ²5

86 266 105 286 -·
123 242 155 294 G.
174 240 208 294 V.
242 242 352 295 Etenim
371 243 480 310 species
499 248 543 293 est
559 242 682 309 pulchri·
702 243 876 309 corporibus,

66 315 100 362 et
112 324 197 371 auro,
213 315 242 360 et
254 314 386 391 argento,
402 316 430 361 ct
440 311 581 374 omnibus3
599 316 629 360 et
637 310 665 360 in
675 315 807 361 contactu
816 324 875 361 cor·

64 379 113 428 nis
134 384 317 443 congruentia
335 378 410 427 valet
421 377 580 443 plurimum,
599 377 773 443 caeterisque
788 375 874 427 renei-

66 444 122 495 bua
138 448 182 493 est
196 458 247 494 sua
261 446 360 510 cuique
374 443 584 503 adcommodata
593 444 766 494 modificatio
777 456 874 509 corpo·

64 524 141 561 rrum.
176 510 272 561 Habet
281 512 364 562 etiam
375 508 465 560 honor
473 511 650 575 temporalis,
661 516 690 561 et
698 509 874 577 imperitandi

67 584 157 645 atque
175 576 327 643 superandi
345 576 470 642 potentia
488 592 568 645 suum
587 576 685 638 decus,
705 576 778 626 unde
792 577 876 625 etiem

67 643 214 694 vindictae
233 643 352 693 ariditas
372 644 474 706 oritur3
493 649 524 693 et
540 648 632 694 tamen
649 644 680 693 in
698 640 877 694 conctahaee

67 710 256 776 adipiscenda
272 718 338 760 'non
352 716 397 759 est
411 710 611 777 egrediendum
625 710 676 761 abe
689 716 732 772 tc,
745 709 877 769 Domine,
962 733 965 741 =

70 790 165 843 neque
176 774 341 828 deviandum
351 776 440 843 alege
450 782 507 827 tua,
539 776 651 840 Etvita,
662 792 743 844 quam
753 775 799 827 hic
809 775 876 836 riri-

69 858 148 905 mut,
164 842 248 893 habet
261 842 423 893 illecebram
437 858 515 893 suam
529 850 645 910 propter
660 844 806 911 quemdam
818 856 876 893 mo·

71 910 139 960 dum
154 910 264 961 decoris
276 910 335 973 aui,
349 904 385 960 ct‘
393 911 613 961 convenientiam
623 926 684 961 cum
694 909 738 961 irie
749 910 876 961 omnibus
964 938 973 943 -

70 976 176 1027 intimis
196 974 327 1041 pulchris.
362 976 492 1027 Amicitia
514 991 626 1043 quoque
648 975 790 1028 hominum
810 989 876 1027 caro

70 1044 150 1095 nodo
169 1042 257 1093 dulcia
267 1048 318 1115 ,est
335 1048 455 1108 propter
465 1044 600 1093 unitatem
615 1042 649 1093 de
660 1044 755 1094 moitis
768 1044 876 1093 animis.

72 1109 195 1175 Propter
216 1108 347 1160 universa
365 1107 437 1159 haec
453 1116 536 1175 atque
556 1108 716 1159 huiuamodi
732 1116 877 1175 peccatum

70 1176 238 1237 admittitur,
247 1176 311 1227 dum
319 1176 504 1227 immoderata
512 1176 542 1226 in
551 1176 607 1227 ista
615 1176 806 1238 inclinatione,
816 1190 878 1226 cum

70 1242 282 1304 extremabona
291 1243 358 1305 tint,
372 1242 491 1293 meliora
501 1243 832 1314 etaummadeeeruntur,
847 1250 879 1293 tu

70 1309 194 1361 Domine
205 1308 282 1360 Deus
292 1319 401 1371 noster,
413 1316 442 1361 et
450 1311 554 1360 veritae
563 1316 624 1373 tua,
635 1315 664 1360 ct
673 1311 719 1361 lex
729 1319 785 1361 tua.
821 1310 877 1360 Ha·

70 1377 143 1427 bent
157 1378 230 1427 enim
244 1381 274 1427 ct
286 1375 356 1428 haec
368 1377 424 1427 ima
437 1376 654 1439 delectationes,
669 1378 720 1428 ced
734 1384 791 1427 non
805 1378 879 1427 sicut

72 1443 153 1494 Deus
162 1458 253 1506 meur,
263 1443 310 1510 qui
323 1442 392 1496 iecit
411 1445 516 1506 omnia,
529 1444 594 1511 quia
602 1445 631 1495 in
644 1444 706 1511 ipro
722 1444 879 1496 delectatur

71 1513 173 1573 iustus,
184 1512 331 1576 etipsecst
340 1511 457 1562 deliciae
467 1517 609 1563 rectorum
619 1511 714 1562 corde.
750 1513 818 1562 Cum
827 1512 878 1560 ita·
977 1530 981 1553 ι

93 1592 128 1628 ue
140 1575 173 1628 d'e
183 1578 309 1632 facinore
320 1579 476 1644 quaeritur,
487 1593 543 1644 qua
552 1593 638 1629 causa
646 1577 751 1628 factum
762 1579 808 1638 sit,
819 1591 878 1628 cre·

70 1595 103 1695 gi
117 1658 172 1695 nou
186 1645 273 1708 aolct,
286 1645 411 1697 nieicum
421 1645 562 1712 adpetitus
572 1642 746 1710 adipiscendi
760 1644 879 1695 alicuius

69 1711 186 1762 illorum
193 1713 340 1776 bonorum,
350 1727 421 1779 quac
431 1712 527 1762 intima
536 1710 668 1772 diximus,
679 1725 742 1762 eece
752 1711 878 1776 potuisse

70 1779 242 1844 adparuerit,
254 1786 302 1830 aut
310 1787 400 1831 ructus
409 1778 566 1830 amittendi.
602 1775 723 1828 Pulchra
731 1783 796 1829 nunt
805 1778 879 1827 enim

71 1851 103 1896 ct
111 1846 224 1907 decora,
235 1861 398 1913 quamquam
407 1861 472 1914 prae
482 1845 565 1898 b'onia
574 1843 766 1910 superioribus
776 1850 806 1894 et
813 1844 877 1894 bea-

69 1913 158 1964 tiiicie
174 1913 285 1964 abiecta
299 1922 328 1964 et
342 1913 471 1964 iacentia.
506 1911 697 1964 Homicidium
709 1910 786 1962 iecit.
823 1913 878 1962 Cur

70 1979 159 2030 fecitt
175 1980 320 2031 Adamarit
336 1981 397 2032 eiua
417 1981 565 2048 coniugem
583 1986 631 2032 aut
649 1979 806 2046 praedium,
830 1985 879 2030 aot
961 2020 966 2038 ,

69 2045 163 2104 voluit
172 2045 338 2112 depraedari
347 2047 420 2099 unde
429 2049 549 2110 viveret,
560 2053 608 2098 aut
615 2047 750 2098 timuitab
759 2047 809 2098 iiio
821 2046 877 2097 tale

70 2113 180 2179 aliquid
189 2115 332 2178 amittere,
347 2119 396 2165 aut
407 2115 500 2166 laesus
509 2115 608 2166 ulcisci
618 2130 649 2166 ee
657 2115 770 2166 exarsit.
806 2113 878 2164 Num

71 2181 253 2232 homicidium
263 2182 324 2232 eine
342 2195 427 2232 causa
442 2181 550 2233 faceret
561 2183 623 2248 ipro
633 2180 789 2247 ,honricidio
803 2181 877 2231 deie-

72 2246 181 2299 ctatoet
200 2249 269 2308 Quis
288 2248 454 2300 credideriti
472 2248 543 2300 Nam
558 2248 636 2299 etde
650 2248 818 2314 quodictum
834 2253 879 2297 est

70 2315 189 2366 vecordi
198 2323 229 2366 et
238 2316 321 2367 nimis
333 2315 660 2382 crudelihominesquod
675 2315 816 2382 „gratuito
830 2327 881 2379 pn·

70 2383 130 2432 tius
142 2382 233 2434 malus
248 2389 331 2449 atque
342 2377 464 2434 erudelis
475 2385 566 2444 crat,“
579 2381 724 2448 praedicta
734 2387 879 2430 esttamen

73 2463 169 2511 caure,
181 2462 235 2512 „ne
265 2463 296 2500 er
307 2451 403 2512 otium,
413 2449 516 2516 inquit,
530 2454 707 2518 torpesceret
719 2456 816 2496 manua
831 2452 884 2513 aut·
954 2456 958 2475 i

74 2517 214 2568 animus.“
225 2463 351 2579 (saliunt.
361 2516 443 2568 catil.
457 2515 510 2580 16.)
539 2514 631 2576 Quare
644 2515 674 2564 id
682 2511 810 2578 quoquot
824 2512 880 2560 Cur

71 2585 129 2636 itai
149 2585 188 2636 Ut
204 2583 315 2634 scilicet
332 2583 382 2632 iiia
400 2581 602 2634 exercitatione
622 2580 771 2636 scelerum,
799 2583 880 2641 capta

73 2652 158 2716 urbe,
178 2649 465 2730 honoreamimpcria,
485 2649 598 2699 divitiae
618 2645 831 2709 adsequeretur,
851 2647 880 2690 ct
