2050 2925
151 120 185 172 86
350 118 521 173 AURELll
538 114 767 170 AUGUSTINI
804 148 812 157 -
998 134 1000 209 p

150 228 227 275 tione
238 221 429 282 ceritatemet
439 221 474 272 ob
484 218 538 271 hoc
548 218 629 270 nobis
641 233 709 285 opus
718 224 795 271 esset
805 220 955 274 auctorita·
1000 234 1001 299 l

148 297 177 340 te
189 297 348 340 sanctarum
358 289 510 349 literarum,
518 288 574 337 iam
582 285 697 337 credere
706 298 867 353 coeperam,
878 287 955 339 nullo
1000 300 1001 309 ³

148 357 233 408 modo
249 363 277 409 te
294 356 384 408 fuisse
397 356 631 406 tributurumtam
642 351 826 405 excellentem
836 354 956 407 illiseri-
1001 337 1002 405 l

150 431 248 503 pturae
259 438 309 490 per
320 438 416 475 omnes
426 423 482 471 iam
491 428 581 471 terras
591 422 797 483 auctoritatem,
804 422 860 473 nisi
871 428 900 473 et
907 435 957 488 per
1002 437 1003 481 l

152 487 241 558 rps'am
250 491 483 554 tibicredietper
492 490 581 553 ipsam
590 489 723 553 tequaeri
732 488 883 539 voluises.
901 489 957 539 lam
1003 537 1004 549 ,

154 559 232 608 enim
246 558 460 617 absurditatem,
480 569 551 621 quae
570 568 615 605 me
629 554 728 605 inillis
741 554 833 606 literis
848 555 958 607 solebat

153 624 310 686 offendere,
330 630 393 674 cur'n
410 623 499 676 nrulto
518 636 552 673 ex
573 622 615 672 eis
629 621 815 687 probabiliter
829 624 957 688 exposita
1004 637 1005 657 l

152 690 343 752 audissem,ad
353 696 591 741 sacramentorum
601 688 778 739 altitudinem
786 687 956 752 referebam,

154 773 244 824 eoque
262 757 329 807 mihi
349 758 400 807 illa
417 756 606 807 venerabilior
620 762 649 806 et
663 762 845 806 sacrosancta
858 757 958 807 fidedi-

146 826 234 891 gnior
244 824 397 890 adparebat
406 825 570 885 auctoritas,
576 838 630 889 quo
642 830 671 873 et
682 823 808 873 omnibus
819 823 855 873 ud
866 824 959 891 legen·

153 892 218 942 dum
237 898 314 942 esset
331 892 361 941 in
378 898 503 957 promtu,
528 896 557 941 et
575 891 679 941 secreti
692 890 737 940 sui
751 890 919 957 dignitatem
931 891 959 940 ln

152 959 300 1011 intellectu
314 958 496 1025 profundiore
511 964 649 1018 servaret,
663 956 761 1016 verbis·
772 958 958 1021 apertissimis

86 1087 92 1093 ,
154 1033 183 1077 et
192 1025 356 1077 ‘humillimo
374 1040 478 1092 genere
497 1024 631 1090 loquendi
642 1038 674 1075 se
689 1024 796 1077 cunctis
812 1024 959 1089 praebens,

156 1101 185 1144 et
199 1108 333 1145 exercens
347 1094 532 1143 intentionem
544 1102 654 1152 eorum,
673 1092 721 1157 qui
735 1106 791 1141 non
805 1097 872 1141 sunt
884 1092 960 1142 leves

154 1161 255 1222 corde,
266 1167 296 1211 ut
302 1161 445 1224 exciperet
455 1172 552 1209 omnes
563 1157 769 1223 poptrlaris'rnu,
776 1162 805 1207 et
815 1170 866 1223 per
876 1170 960 1225 angu-

153 1233 198 1275 sta
216 1226 354 1275 foramina
371 1240 477 1289 paucos
492 1225 528 1276 ad
543 1232 571 1275 te
585 1226 745 1286 traiiceret,
763 1225 852 1275 multo
867 1232 961 1277 unren
1010 1241 1011 1261 l

104 1341 106 1348 ,
153 1292 346 1356 plures,quam
355 1293 379 1341 si
388 1306 440 1341 nee
449 1298 528 1341 tauto
541 1292 621 1357 epioe
631 1291 807 1342 auctoritati
815 1293 960 1353 enrineret,
1011 1348 1012 1359 ,

98 1371 102 1390 ·
153 1372 205 1407 nec
221 1358 317 1407 turbas
328 1358 435 1423 grentio
446 1362 560 1407 sauctae
571 1357 736 1409 humilitatis
746 1356 881 1410 hauriret.
909 1360 960 1409 Co·

154 1424 278 1491 gitabam
288 1422 408 1484 haec,et
418 1424 518 1476 aderas
527 1422 610 1487 mih'i3
628 1425 960 1492 suspir·abam,etaudie·

153 1493 204 1542 bas
223 1507 281 1556 me3
298 1491 479 1554 fluctuabam,
498 1499 527 1542 et
546 1493 720 1559 gubernabas
739 1506 798 1558 me3
816 1494 893 1545 ibam
910 1509 961 1562 per

154 1560 226 1610 uiam
237 1559 342 1611 saeculi
354 1561 448 1622 lutam,
459 1566 511 1610 nec
523 1560 684 1611 deserebas.

204 1629 234 1678 C.
248 1626 297 1679 Vl.
332 1626 477 1678 inhiabam
486 1623 650 1687 honoribus,
661 1626 758 1689 lucris,
769 1627 917 1695 coniugio;
932 1637 960 1680 et

139 1702 185 1761 ¹tu
204 1695 350 1746 irridebas.
386 1693 520 1744 Patiehur
534 1694 564 1744 iu
577 1693 618 1744 eis
633 1694 831 1760 cupiditatibus
847 1697 960 1748 ameris·

154 1762 239 1812 simas
257 1761 451 1822 difficultates,
464 1767 494 1811 te
506 1761 630 1828 propitio
645 1765 724 1811 tanto
734 1762 837 1828 magis,
854 1771 959 1828 quanto

153 1828 247 1880 minus
260 1828 373 1880 sinebas
392 1826 460 1878 mihi
479 1827 655 1888 dulcescere,
676 1827 751 1894 quod
768 1843 825 1880 non
840 1843 904 1881 eras
918 1837 958 1882 tu.

153 1894 225 1946 Vide
237 1908 399 1955 cormeum,
413 1895 548 1956 Doniine,
563 1895 611 1960 qui
621 1893 749 1956 voluisti,
759 1903 791 1946 ut
800 1893 959 1948 hocrecor-

153 1959 248 2022 darer,
263 1967 293 2011 et
302 1962 452 2011 confiterer
462 1961 522 2010 tibi.
558 1961 638 2012 Nunc
648 1961 702 2011 tibi
710 1960 858 2014 inhaereat
868 1965 959 2014 anima

152 2041 224 2088 mea,
234 2027 356 2093 quamde
367 2029 444 2078 visco
456 2033 512 2078 tant
522 2029 616 2078 tenaci
625 2029 725 2094 mortis
735 2029 849 2082 exuisti.
869 2030 958 2092 Quam

152 2093 256 2144 misera
278 2101 351 2156 eret,
374 2100 403 2145 et
423 2102 537 2146 sensum
558 2096 683 2146 vulneris
701 2101 733 2147 tu
749 2096 908 2164 pungebas,
927 2105 960 2150 ut

153 2159 261 2211 relictis
278 2162 405 2220 omnibus
424 2167 635 2214 converteretur
654 2161 690 2213 ad
702 2170 744 2226 te,
762 2164 812 2229 qui
829 2177 861 2214 es
874 2178 959 2232 super

154 2228 258 2289 omnia,
265 2230 359 2280 etsine
370 2244 424 2296 quo
434 2230 512 2280 nulla
523 2236 619 2282 essent
628 2231 730 2293 omnia,
737 2237 959 2294 converteretur,

153 2296 343 2358 etsanareturl
356 2296 738 2365 Quamergomiserer'anr,et
747 2297 888 2365 quomodo
901 2299 959 2366 egi-

152 2363 203 2424 sti,
213 2369 245 2413 ut
254 2365 387 2414 sentirem
395 2365 536 2416 miserium
545 2379 636 2416 meam
647 2364 763 2428 dioillo,
774 2379 829 2431 quo
840 2379 904 2416 cuns
913 2379 960 2434 pn·

152 2443 242 2480 rarenr
252 2431 372 2481 recitare
389 2432 555 2498 imperatori
570 2429 783 2498 [Valentiniano
796 2429 829 2482 n,
843 2431 880 2483 es.
892 2447 959 2484 con·

151 2500 198 2545 tra
210 2496 341 2548 Petilian.
359 2497 385 2560 3!
400 2499 441 2549 25.
456 2504 486 2549 et
496 2497 609 2547 Possid.
621 2512 644 2548 c.
657 2497 695 2564 1.]
730 2497 840 2560 laudes,
855 2500 960 2564 quibus

154 2561 234 2624 plura
242 2567 388 2627 mentirer,
400 2572 429 2616 et
438 2565 584 2614 mentienti
595 2562 738 2616 faveretur
747 2565 781 2615 ab
792 2566 959 2628 scientibus,

155 2639 258 2692 easque
277 2646 358 2688 curas
377 2631 521 2682 anhelaret
540 2644 589 2680 eor·
607 2645 698 2682 nreum
711 2639 740 2684 et
753 2633 959 2698 cogitationum
