2050 2925
227 102 760 161 conressrouommnaarx.=
838 106 885 185 ror
934 88 941 93 ’

85 204 308 273 obsequiismeis
317 206 535 261 interblandiens
546 207 704 274 adpellabat
713 222 756 259 me
768 208 851 275 pium,
859 215 887 260 et

84 271 322 323 commemorabat
331 273 428 338 grandi
438 274 598 325 dilectionis
608 274 729 337 adicem,
740 290 887 341 numquam
936 331 945 340 ¹

85 352 124 389 se
138 337 250 389 audisse
269 352 305 402 ex
324 352 372 389 ore
391 354 454 391 meo
472 340 623 399 iaculatum
641 344 715 392 inse
729 341 826 392 durum
840 348 888 392 aut

85 403 322 457 contumeliosum
336 418 443 457 sonum.
479 406 536 457 Sed
549 412 641 458 tamen
656 407 722 473 quid
731 406 801 468 tale,
810 406 888 458 Deus

84 484 179 533 meus,
194 474 242 538 qui
254 469 350 523 fecisti
358 480 423 536 nos,
438 474 503 539 quid
513 473 699 539 comparabile
710 471 830 534 babebat
839 472 888 523 ho·

84 551 141 587 nor
154 551 223 587 ame
234 536 345 604 delatus
354 537 409 601 illi,
422 546 451 589 et
459 541 580 590 servitus
590 541 625 591 ab
635 540 685 591 illa
694 538 776 591 mihil
796 539 888 599 Quon-

82 605 143 654 iam
161 606 256 670 itaque
269 603 420 655 deserebar
431 612 487 657 tam
499 621 600 673 magno
615 607 675 657 eius
688 608 806 670 solatio,
825 621 886 660 sau·

86 669 215 719 aiebatur
224 672 316 721 aninre
323 684 398 733 mea,
412 678 441 723 et
450 674 529 739 quasi
540 673 726 724 dilaniabatur
736 674 804 736 vita,
817 686 888 789 (hune

83 735 542 791 unalactaeratexmeaetillius.
573 738 705 794 Gohibito
716 754 783 807 ergo
795 755 814 791 a
841 744 932 790 etu‘·

83 801 139 852 illo
151 816 251 868 puero,
270 803 437 855 Psalterium
450 807 571 871 adripuit
583 805 718 869 Evodius,
732 814 761 859 et
775 812 887 857 cantare
937 808 938 816 ’

86 868 183 935 coepit
196 867 347 933 Psnimum,
366 874 412 923 cui
423 872 659 937 respondebamus
673 874 763 925 omnis
777 873 887 926 domus:

86 932 304 986 Misericordiam
315 945 344 988 et
351 936 478 988 iodicium
488 936 602 988 cantabo
613 938 673 999 tibi,
684 936 808 990 Domine.
827 940 887 1000 (Pe.
927 940 935 953 “

87 1002 148 1063 lul,
160 1003 196 1065 1.)
230 1003 333 1053 Audito
352 1010 445 1054 eutem
457 1004 524 1071 quid
538 1009 680 1083 ageretur,
700 1010 889 1075 oonyenerunt
967 1024 995 1071 ²,

86 1068 169 1119 multi
181 1066 330 1131 fratresac
339 1070 490 1135 religiosae
500 1070 633 1132 femmae3
652 1075 680 1121 et
690 1071 724 1121 de
734 1084 811 1122 more
821 1071 889 1133 illis,

87 1149 207 1201 quorum
216 1136 337 1200 officium
347 1135 505 1197 eratiunus
516 1136 685 1200 curantibus,
697 1150 750 1204 ego
761 1138 789 1187 in
799 1143 889 1203 parte,

66 1222 69 1228 ·
85 1200 136 1252 ubi
150 1200 282 1254 decenter
293 1208 432 1269 poteram,
446 1218 507 1253 cum
520 1206 562 1255 eie
576 1204 623 1271 qui
635 1218 679 1253 me
692 1217 748 1255 non
759 1204 889 1255 deseren-

86 1268 153 1318 dum
160 1282 223 1320 esse
232 1269 390 1331 censebant,
397 1270 471 1335 quod
479 1277 540 1322 erat
546 1272 663 1337 tempori
670 1286 823 1339 congruum
834 1271 888 1322 dis·

84 1335 230 1399 putabam,
250 1334 485 1403 coqueiomcnto
508 1338 635 1391 veritatis
650 1339 810 1405 mitigabam
827 1351 888 1393 cru-

86 1401 190 1452 ciatum
208 1403 261 1453 tibi
278 1408 385 1466 notum,
404 1404 485 1454 illisi
506 1404 666 1455 uorautibus
682 1411 710 1456 et
721 1407 827 1457 intente
841 1420 888 1456 au-

87 1467 241 1531 dientibus,
262 1476 292 1520 et
306 1472 366 1520 sine
379 1485 463 1520 sensu
496 1471 584 1522 oloris
597 1485 641 1522 me
655 1485 717 1522 esse
731 1472 888 1523 arbitranti·

84 1533 149 1585 bus.
184 1537 219 1585 At
228 1549 282 1600 ego
293 1536 322 1584 in
332 1536 518 1598 auribustuis,
529 1537 577 1586 ubi
587 1550 683 1588 eorum
692 1538 783 1588 nullus
794 1537 888 1604 audie·

84 1599 149 1661 bat,
159 1600 336 1666 increpabam
344 1601 491 1652 mollitiem
500 1600 628 1653 adfectus
638 1605 701 1664 mei,
713 1610 741 1653 et
752 1603 888 1653 constrin-

85 1663 188 1734 gebam
201 1664 304 1717 fluxum
313 1668 463 1728 moeroris,
478 1667 648 1734 cedebatque
658 1667 726 1722 mihi
755 1669 887 1731 aulolum,

83 1683 887 1802 rursusqueimpetusuoitrebaturnonusquengeruptio-

83 1815 150 1852 nem
166 1801 351 1864 lacrimarum,
374 1815 530 1868 nocuoque
546 1801 680 1854 advniens
693 1805 886 1866 mutationem

84 1867 138 1918 scd
157 1881 211 1934 ego
231 1867 367 1932 sciebam,
385 1868 452 1934 quid
472 1868 556 1919 corde
575 1882 738 1934 premerem,
772 1869 810 1920 Et
821 1872 886 1938 quia

82 1932 153 1985 mihi
171 1932 351 1985 vehementer
368 1935 547 2001 displicebat,
566 1941 673 1988 tantum
690 1939 720 1988 in
738 1950 782 1988 me
800 1952 885 2004 posse

82 1998 366 2069 bacchumnnaqune
377 2003 474 2054 ordine
485 2001 580 2054 debito
592 2007 620 2052 et
629 2010 705 2055 sorte
716 2004 885 2072 conditionis
973 2063 975 2068 ⁸

82 2070 197 2119 nostiae
217 2069 347 2121 accidere
365 2083 481 2121 necesse
498 2074 553 2132 est,
573 2069 630 2122 alio
644 2071 742 2122 dolore
757 2072 885 2123 dolebam
948 2085 959 2096 ‘

83 2135 321 2198 doloremmeum,
332 2143 361 2188 et
371 2136 473 2204 duplici
482 2136 601 2188 tristitia
611 2138 780 2190 macerabar¹
817 2138 883 2188 Cum

84 2214 152 2251 ecce
162 2216 263 2268 corpus
274 2204 377 2254 elatum
387 2209 442 2265 est,
452 2205 537 2266 imus,
548 2203 671 2256 redimus
682 2205 741 2256 sine
751 2205 883 2256 lacrimis.

81 2265 153 2320 Nam
165 2283 256 2335 neque
268 2270 298 2318 in
310 2269 353 2320 eis
365 2269 507 2336 precibus,
527 2285 594 2336 ques
607 2271 659 2322 tibi
670 2270 804 2332 fudimus,
819 2283 884 2324 ,cum

83 2333 235 2398 offerretur
246 2350 297 2403 pro
312 2337 522 2387 easacriticium
531 2337 614 2403 pretii
624 2337 727 2398 nostri,
741 2339 797 2388 iem
806 2335 885 2384 iuxta

82 2402 241 2469 sepulcrum
252 2403 347 2469 posito
358 2403 506 2464 cadavere,
519 2403 677 2482 priusquam
688 2403 884 2466 deponeretur,

82 2469 540 2533 sicutillicberisolet,necine1s
551 2469 679 2536 precibus
690 2481 743 2532 ego
753 2464 885 2532 flevi,sed

81 2540 145 2586 toto
159 2536 205 2587 die
218 2537 341 2604 graviter
349 2538 379 2587 in
392 2535 504 2587 occulto
518 2541 642 2586 moestus
653 2546 741 2591 erem,
755 2535 784 2579 et
793 2535 884 2580 mente

81 2591 884 2672 turbatnrognbantentpoterem,quosnnarerdoloren

116 2679 251 2722 donoro.
272 2676 416 2723 cerrus.
654 2662 679 2714 L
