2050 2925
176 126 225 178 aaa
368 92 774 195 solantr'soousrtmi
815 82 818 87 ⁵

175 224 339 277 aedificatur
358 227 442 290 fides,
466 242 521 294 qua
539 232 643 279 certum
662 225 783 277 habeant
799 231 832 277 et
847 231 966 288 teneant,

173 290 263 342 Deum
273 292 377 345 iecisse
388 308 484 345 omnes
493 300 618 355 naturas,
630 308 697 359 quas
708 308 805 343 eorum
815 294 969 345 sensusnei·

172 358 256 411 rabili
274 362 409 412 varietate
428 360 627 428 circumspicit3
654 374 771 425 quorum
793 361 819 411 si
836 362 967 426 quispiam

172 428 253 493 quasi
264 428 401 479 vilitatem
410 427 547 479 dictorum
561 426 753 493 adspernatus,
767 431 848 477 extra
857 428 967 477 numito-

166 496 229 551 ‚rias
248 509 334 546 cunas
347 496 467 561 superba
477 493 670 545 imbecillitate
684 507 714 546 se
729 492 901 555 extenderit,
921 491 967 543 lieu
1000 538 1001 559 χ

172 560 255 611 cadet
264 562 358 613 miser.
392 561 428 611 Et
436 560 556 611 Domine
566 558 656 623 Deus,
669 561 818 622 miserere,
832 574 867 611 ne
878 561 965 627 impla·
1000 578 1001 585 ¹

170 642 243 677 mem
256 628 360 694 pullum
373 627 537 680 conculcent
551 628 598 693 qui
612 632 758 677 transcunt
768 627 854 689 riam3
874 628 964 681 etmit·
1000 640 1001 671 ι

170 700 198 809 tle
212 695 342 810 angelulm
355 701 442 755 tuum,
456 693 503 761 qui
518 707 580 745 eunt
593 698 711 761 reponat
720 693 824 744 inuido
829 728 838 756 ,
848 699 882 749 ut
890 695 964 754 vivat,

191 774 305 811 onecvo
319 766 358 811 et.
550 762 556 773 “

221 826 251 877 0.
265 825 391 878 xxviii.
426 826 482 877 Alii
500 839 582 889 vero,
605 826 704 893 quibua
723 824 794 877 haec
811 826 901 878 verba
916 842 962 878 non

169 894 225 943 inm
240 893 335 956 nidus,
348 892 399 945 sed
413 908 501 961 opaca
515 893 635 945 frutecta
645 900 723 956 sont,
736 893 871 944 videntin
883 894 962 945 eisla·

169 965 263 1011 tentes
273 960 389 1024 fruetus,
400 967 429 1012 et
439 962 556 1012 volitant
565 961 711 1021 laetantes,
722 966 751 1011 et
760 960 888 1027 garriunt
897 975 962 1012 scru-

170 1032 278 1090 tantes,
292 1034 321 1079 et
330 1033 512 1095 carpunteos.
547 1027 650 1078 Vident
660 1028 745 1087 euim,
759 1040 821 1078 cum
832 1024 902 1079 haec
912 1041 961 1077 rer·

170 1092 208 1142 ba
221 1093 320 1162 legunt
331 1096 377 1146 vel
389 1094 516 1157 audiunt,
530 1099 590 1156 toa,
603 1092 696 1155 Deus,
710 1099 825 1144 aeterna
837 1100 867 1144 et
877 1093 961 1145 stabili

170 1164 366 1224 permansione
381 1168 481 1213 cuncta
489 1161 641 1227 praeterita
650 1166 678 1211 et
687 1158 961 1227 tuturatemperasn-
1001 1170 1002 1183 ³

171 1229 277 1291 parari,
291 1244 343 1278 nec
355 1236 448 1278 tamon
454 1228 607 1342 Fuidqnam
618 1241 680 1278 esse
690 1227 853 1293 temporalis
864 1232 961 1279 ereatu-

168 1304 231 1354 rae,
252 1295 326 1359 quod
343 1300 374 1343 tu
386 1308 441 1344 non
467 1294 569 1344 eteris:
587 1292 683 1345 'cuius
696 1294 841 1357 voluntas,
859 1296 923 1360 quia
937 1292 962 1342 id

169 1365 225 1419 est,
236 1359 364 1424 querito,
373 1358 451 1409 nullo
461 1358 545 1410 modo
556 1366 676 1423 mutata,
686 1361 732 1412 vel
741 1374 811 1428 quae
823 1367 960 1417 anteanon

169 1422 271 1476 luisset
290 1432 389 1478 exorta
402 1425 675 1490 voluntate,.leeiati
693 1428 798 1491 omnia,
810 1428 877 1486 ‘non
894 1428 926 1480 de
937 1434 960 1478 te
1002 1453 1003 1514 l

166 1493 381 1546 ,similitudinem
396 1500 471 1545 tuam
484 1493 603 1546 sortitam
617 1495 749 1559 omnium,
768 1495 819 1546 sed
833 1497 868 1548 de
881 1495 960 1546 nihilo
1002 1515 1003 1544 l

170 1560 424 1612 dissimilitudinem
438 1560 599 1624 informem,
612 1576 683 1628 quae
697 1561 867 1614 formaremr
875 1577 924 1630 per
932 1562 961 1611 si·
1002 1545 1003 1634 l

53 1621 61 1628 ”
131 1683 136 1691 ,
168 1628 354 1681 militudinem
370 1635 458 1691 marm,
477 1643 624 1680 recurrens
639 1629 668 1680 ia
682 1635 806 1681 teanum
821 1645 873 1698 pro
888 1635 962 1696 captu

169 1696 313 1757 ordinato,
333 1701 464 1764 quantum
477 1699 581 1776 cuique
590 1710 684 1747 rerunt
695 1698 725 1746 in
738 1711 789 1748 suo
804 1711 908 1764 genere
919 1697 960 1748 da·

168 1768 227 1812 tum
240 1764 295 1826 eat3
314 1769 342 1833 et
357 1764 455 1813 tierent
468 1777 561 1813 omma
572 1762 647 1813 bona
658 1762 751 1826 valde,
767 1763 827 1814 sive
840 1767 960 1816 maneant

90 1889 93 1892 .
170 1831 245 1880 eirca
255 1837 298 1891 te,
313 1831 371 1880 sire
384 1829 521 1897 gradatim
534 1830 680 1882 remotiori
692 1829 824 1882 distantia
837 1845 888 1897 per
900 1837 960 1882 tent·

168 1908 238 1960 pnra
248 1904 276 1946 et
285 1896 365 1948 locos
394 1889 504 1947 ul‘chras
513 1897 682 1949 variationes
692 1895 796 1950 faciant
805 1904 855 1948 aut
863 1897 959 1964 patian-

169 1971 222 2012 tor.
258 1961 363 2013 Vident
374 1912 456 2026 llaec,
469 1969 499 2014 et
511 1961 672 2030 gaudentia
682 1963 745 2014 luce
755 1964 883 2015 veritatis
892 1971 958 2022 tuac,

168 2029 331 2094 quantulum
340 2027 385 2079 laic
393 2030 496 2081 valent.
526 2030 562 2080 Et
572 2031 643 2082 alius
654 2043 750 2084 corum
759 2031 880 2098 intendit
889 2033 916 2082 in
925 2029 957 2090 id,

167 2094 244 2160 quod
257 2094 360 2145 dietum
375 2102 430 2146 est:
447 2095 476 2146 ἑτι
484 2095 621 2162 principio
627 2096 701 2166 serit
710 2094 797 2159 Deus,
811 2104 841 2148 et
849 2097 959 2164 respicit

168 2161 331 2226 sapientiam
349 2163 525 2228 principium,
546 2164 611 2228 quia
623 2170 652 2215 et
664 2163 789 2230 loquitur
800 2164 863 2232 ipsa
874 2164 956 2216 nobis.

166 2227 244 2278 Alius
258 2228 355 2279 itidem
367 2229 487 2279 intendit
498 2229 528 2278 in
541 2229 637 2280 eadem
648 2229 745 2293 rerba,
759 2237 789 2281 et
799 2231 957 2298 principium

165 2294 301 2361 intelligit
310 2294 454 2346 exordium
463 2309 555 2346 rerum
566 2295 752 2359 conditarum,
762 2302 792 2348 ct
801 2300 843 2352 aie
852 2297 956 2364 accipit:

164 2358 194 2410 in
200 2359 420 2430 princepiosecit
431 2376 464 2411 ae
474 2363 499 2412 si
509 2363 660 2415 diceretur:
678 2365 766 2430 primo
775 2363 854 2416 fecit.
875 2365 956 2430 Atque

162 2427 193 2476 in
203 2431 254 2488 eis,
266 2429 312 2494 qui
322 2427 494 2494 intelligunt:
512 2427 691 2495 inprincipio,
702 2429 777 2496 quod
787 2433 816 2486 in
826 2431 955 2500 sapientia

163 2489 259 2544 fecisti
272 2495 380 2545 eoelum
393 2499 422 2544 et
436 2500 551 2557 terram,
565 2493 635 2548 alius
647 2510 742 2548 eorum
751 2497 842 2563 ipsunt
853 2497 955 2552 eoelum

163 2563 192 2605 et
201 2566 303 2610 terram
313 2560 461 2612 creabilem
468 2563 612 2611 materiam
622 2563 694 2612 coeli
706 2570 734 2614 et
742 2569 837 2616 terrae
847 2565 887 2616 sie
899 2575 955 2614 esse

161 2625 252 2677 eredit
261 2629 495 2696 cognominatam
513 2627 586 2679 atius
595 2629 650 2680 iam
660 2627 794 2682 formatae
805 2630 956 2684 distinctas·
