2050 2925
222 110 547 167 contessionem
562 112 685 166 LIBER
702 114 751 166 vl.
855 115 887 165 91

82 211 183 269 eoru'm
196 218 304 279 socius,
319 214 449 283 aquibus
458 214 600 267 adductae
607 222 675 266 crat.
711 216 784 275 Quid
793 215 889 282 plural

83 282 243 351 spectarit,
257 284 399 344 clamarit,
414 283 530 344 exarsit,
545 281 733 333 abstulitinde
745 296 838 333 secum
847 284 887 333 in-

84 351 209 411 saniam,
227 364 286 419 qua
304 350 495 401 stimularetur
510 350 617 411 redire,
637 364 693 399 non
707 355 890 399 tantum‘oum

84 418 196 482 illis,'a
212 419 314 485 quibus
326 418 402 483 prius
416 416 572 467 abstractus
587 421 643 477 est,
662 416 713 468 sed
726 417 811 474 etiam
821 431 889 481 prae

84 487 154 549 illis,
167 492 195 536 et
205 486 277 535 alios
286 484 410 535 umens
439 483 548 541 Etindc
559 490 743 535 tamenmanu
752 482 889 533 validissi-

84 562 131 605 ma
144 559 182 619 et
196 551 463 608 misericordissime
474 550 573 601 emisti
586 562 649 601 eum
663 557 706 615 tu,
726 556 755 601 et
769 548 896 601 docuisti

85 634 144 671 non
159 620 203 669 sui
219 617 336 681 hahere,
351 618 401 669 sed
414 617 607 681 tuiidneiam3
628 616 678 668 scd
688 618 773 684 longe
783 623 890 683 postea.
908 664 910 669 .

84 721 88 726 ,
137 686 169 736 c.
185 685 234 736 lX.
269 682 467 746 Verumtamen
485 686 542 735 iam
555 683 653 737 hocod
668 684 838 739 medicinam
849 682 893 733 iu·

84 761 179 804 turam
191 753 220 802 in
236 753 296 801 eius
306 752 442 802 memoria
451 752 647 831 reponebatur.
683 750 797 803 Namet
811 750 895 813 illud,

85 816 892 953 autistitiremimundustellit.

85 953 278 1014 tattrrueerat
289 954 373 1003 sicuti
383 954 510 1002 exerceri
519 950 684 1003 scholastici
693 952 795 1013 solent,
801 951 894 1003 sivisti

87 1035 152 1071 eum
172 1018 370 1085 comprehendi
388 1019 423 1069 ab
444 1018 584 1069 aeditimis
608 1018 665 1071 iuri
686 1024 826 1085 tamquam
848 1018 890 1068 iu·

86 1100 163 1149 rem,
181 1100 240 1137 non
257 1086 379 1136 arbitror
398 1085 481 1135 aliam
497 1086 533 1136 ob
551 1100 664 1135 causam
677 1091 705 1136 te
720 1086 892 1151 permisisse,

84 1148 166 1205 Datis
180 1158 291 1221 noster,
306 1152 362 1201 nisi
373 1152 468 1201 utillo
483 1152 628 1218 vitiantes
639 1150 749 1203 fuhuus
759 1153 815 1203 iam
824 1152 892 1201 inci-
935 1184 946 1195 ι

84 1220 383 1339 kgretdlsceremmm
392 1217 542 1270 neniaeile
552 1219 585 1269 in
593 1219 791 1287 dignoscendis
799 1218 892 1277 causis

124 1286 212 1339 moab
218 1286 335 1337 ‘homine
346 1286 518 1337 damnandus
528 1292 604 1337 esset
612 1288 763 1337 temeraria
774 1286 892 1337 creduli·

84 1361 155 1407 tete.
192 1353 301 1419 Quippe
315 1359 379 1404 ante
393 1352 517 1403 tribunal
532 1353 727 1405 deambulabat
741 1354 892 1419 soluscum
910 1397 915 1405 .

85 1420 191 1473 tabuiis
205 1431 239 1471 ec
253 1421 336 1483 stilo,
350 1434 412 1472 cuns
423 1434 489 1472 ecce
499 1420 665 1474 adolescens
676 1421 789 1492 quidem
798 1433 833 1472 ex
843 1436 891 1472 nu-

85 1503 166 1541 mero
175 1487 407 1540 scholasticorum
415 1487 461 1538 iur
469 1501 566 1550 verus,
577 1489 699 1540 securim
709 1489 835 1540 clanculo
846 1487 892 1538 ad·
932 1513 935 1517 ·

85 1562 212 1624 portans,
222 1555 272 1606 illo
281 1569 337 1606 non
347 1556 486 1606 sentiente
495 1556 642 1622 ingressus
652 1561 695 1606 est
705 1555 741 1604 ad
751 1555 892 1606 cancellos

84 1623 368 1691 plumbeoe,quivico
377 1622 538 1689 argentario
550 1621 893 1688 desuperpraeminent,et

83 1689 249 1758 praecidere
259 1690 400 1756 plumbum
411 1689 513 1754 eoepit.
537 1687 613 1740 Sono
624 1695 717 1740 autem
727 1688 834 1740 securis
846 1702 892 1738 au·
915 1701 927 1707 “
975 1711 989 1727 ·

84 1757 147 1808 dite
158 1756 448 1807 submurmuraverunt
458 1755 623 1822 argentarii,
639 1757 688 1822 qui
697 1755 794 1806 subter
803 1760 891 1816 erant,

86 1831 115 1876 et
122 1824 260 1874 miseruut
274 1824 321 1890 qui
331 1820 584 1888 adprehenderent,
596 1837 677 1888 quem
687 1821 761 1874 forte
772 1823 892 1872 invenis·

85 1897 158 1943 sent.
195 1890 321 1951 Quorum
333 1889 450 1942 vocibus
464 1889 582 1952 auditis,
595 1889 696 1940 relicto
707 1889 891 1942 instrumento
916 1897 919 1911 ¹

83 1959 134 2010 ille
149 1957 295 2020 discessit,
308 1958 410 2008 timens
423 1971 460 2007 ne
469 1972 531 2007 eum
542 1971 576 2007 co
587 1962 739 2007 teneretur.
773 1956 890 2022 Alypius

85 2025 240 2092 autem,qni
252 2039 308 2074 non
317 2024 596 2086 videratintrantem,
602 2030 749 2076 exeuntem
759 2025 856 2087 sensit,
864 2029 893 2075 et

54 2120 57 2128 ι
85 2093 220 2144 celeriter
238 2091 309 2142 vidit
327 2090 488 2154 abeuntem3
508 2096 537 2142 et
556 2103 668 2144 causam
688 2091 760 2144 scire
776 2093 891 2158 cupiens

82 2161 231 2226 ingressus
242 2165 286 2208 est
294 2157 431 2219 intumet
439 2160 580 2212 inventam
590 2159 796 2212 securim'stans
807 2165 890 2223 atque
937 2209 956 2232 ‚,

83 2226 227 2278 admirans
237 2225 447 2278 considerabam
463 2222 524 2278 crim
536 2239 600 2278 ecoe
611 2227 667 2288 illi,
678 2227 726 2294 qui
738 2227 817 2277 missi
831 2224 890 2274 ine-

82 2300 161 2355 rant,
181 2292 327 2357 reperiunt
342 2308 405 2345 enm
419 2294 509 2344 solum
523 2291 662 2344 ferentem
673 2292 792 2354 ferrum,
811 2291 890 2341 cuius

82 2360 181 2411 sonitu
192 2360 278 2408 exciti
287 2365 430 2410 venerant.
465 2361 588 2422 Tenent,
603 2357 763 2420 adtrabunt,
775 2353 890 2422 congre·

83 2427 159 2494 gatis
170 2425 316 2490 inquilinis
333 2426 403 2489 fori,
417 2431 556 2492 tamqnam
569 2425 659 2478 iurem
671 2423 849 2476 manifestum
859 2437 890 2474 se

84 2490 333 2558 comprehendisse
342 2493 511 2560 gloriantur,
522 2493 624 2544 atinde
635 2491 795 2543 offerendus
804 2489 892 2539 indici

84 2559 250 2610 ducebatur.
291 2557 347 2610 Sed
369 2559 503 2615 haetenus
521 2549 669 2610 'docendus
691 2558 753 2608 init.
790 2555 890 2608 Statim
977 2555 982 2569 '

84 2628 176 2688 enim,
190 2623 325 2688 Domine,
343 2625 497 2679 subvenisti
510 2626 703 2692 innocentiae,
719 2625 796 2676 iuius
806 2623 889 2676 testis
978 2680 992 2704 Δ
