2050 2925
75 102 79 123 ’
157 138 193 201 eo
346 119 768 192 nunedrrnncnsrrm
809 166 820 191 -.

158 242 302 289 creaturae
313 252 378 291 suae
389 240 425 291 ad
434 254 479 301 ee,
494 254 565 305 quae
574 240 701 302 iusserit,
711 240 772 289 sine
777 235 958 289 dubitatione

158 305 334 357 serviendum
354 306 408 357 est!
449 305 543 357 Sicut
563 308 647 357 enim
670 307 704 356 in
725 305 958 372 potestatibus
1014 345 1015 348 ,

159 372 340 423 societatis
358 369 515 423 humanae
532 374 638 424 maior
658 378 811 439 potestas
833 372 959 422 minori

158 437 840 505 ad‘obediendumpraeponitur‚itaDeus
859 438 957 489 omni-

159 504 228 557 bus.
266 504 335 555 ltem
352 506 381 555 in
398 504 581 569 facinoribus,
602 506 649 556 ubi
661 507 749 556 libido
768 509 812 555 est
827 503 957 565 nocendi,
1014 535 1015 570 2

158 572 218 623 sive
231 588 282 641 per
296 571 503 635 contumeliam,
518 573 577 623 sive
590 586 641 639 per
655 574 798 635 iniuriam3
817 580 846 621 et
855 578 957 622 utrum·

159 652 212 705 que
223 640 268 689 vel
276 637 430 688 ulciscendi
439 653 537 701 causa,
547 640 742 690 sicutinimico
752 638 895 701 inimicum
915 636 958 687 rel

158 703 331 783 adipiscendi
340 704 457 755 alicuius
472 711 552 756 extra
564 706 716 767 commodi,
733 706 807 756 sicut
819 705 893 755 latro
904 704 957 754 via·

156 780 226 833 torr3
244 772 289 821 vel
299 770 420 821 evitandi
429 771 504 834 mali,
515 774 588 824 sicut
598 774 623 823 ei
635 773 681 839 qui
691 773 817 833 timetur3
835 770 956 822 velinni-

158 836 263 899 dendo'‚
277 837 350 887 sicut
358 836 481 889 feliciori
489 840 631 901 miserior,
643 841 728 890 autin
739 838 833 904 aliquo
844 851 957 904 prospe·

82 936 87 951 ,
156 910 234 955 ratus
246 905 272 954 si
283 918 363 970 quem
373 904 428 955 sibi
438 904 552 973 aequari
560 907 649 969 timet,
657 911 705 957 aut
714 905 859 971 aequalem
868 904 958 965 dolen

158 971 206 1022 vel
215 970 428 1037 solanoluptate
443 972 528 1023 alieni
538 974 617 1035 nrali,
631 974 705 1023 sieut
714 978 890 1038 spectatores
901 971 957 1036 gla-

139 1056 144 1065 ·
159 1036 310 1100 matorum,
325 1045 373 1089 aut
385 1039 541 1101 irrisores‚·
551 1047 599 1090 aut
612 1039 744 1089 illusores
761 1038 958 1103 quorumlibet„

154 1105 238 1179 llaec
251 1110 315 1155 sunt
328 1106 418 1171 capita
430 1106 599 1173 iniquitatis,
619 1121 690 1172 quae
707 1104 845 1171 pullulant
857 1104 958 1168 princi·
1014 1125 1015 1178 3

156 1172 242 1239 pandi
253 1177 281 1221 et
291 1172 437 1236 spectandi
445 1180 474 1223 et
483 1173 622 1223 sentiendi
632 1173 761 1233 libidine,
772 1177 820 1221 aut
830 1186 898 1232 una,
912 1177 959 1220 aut
1014 1183 1015 1226 l

159 1238 265 1289 duabus
283 1252 389 1299 aarum,
408 1245 456 1289 aut
475 1240 557 1289 simul
571 1239 710 1301 omnibus3
729 1243 759 1288 et
770 1238 874 1289 vivitur
886 1237 958 1289 male

158 1302 291 1355 adversus
305 1303 360 1353 tria
375 1309 404 1353 et
416 1310 537 1371 septem,
552 1307 715 1370 psalterium
725 1306 825 1358 decem
842 1302 958 1356 chorda·

157 1384 232 1431 rum,
242 1368 407 1435 decalogum
417 1376 505 1433 tuum,
516 1371 593 1422 Deus
603 1373 739 1423 altissime
749 1379 778 1421 et
788 1370 958 1434 dulcissime.

160 1435 217 1490 Sed
230 1449 299 1502 quae
313 1434 420 1503 flagitia
432 1437 460 1488 in
474 1444 516 1501 te,
537 1439 584 1506 qui
597 1454 653 1491 non
670 1437 872 1505 corrumperisl
906 1438 959 1488 Aut

179 1517 231 1554 uae
246 1503 377 1556 adversus
391 1509 420 1556 te
439 1503 578 1568 facinora,
597 1508 643 1557 cui
660 1507 758 1558 noceri
774 1521 831 1557 non
850 1505 959 1571 potest!

159 1519 216 1624 gell
229 1569 283 1621 hoc
297 1569 435 1634 vindicas,
455 1572 530 1639 quod
547 1573 579 1623 in
595 1588 626 1624 se
645 1572 770 1623 homines
785 1576 958 1650 perpetrant,

158 1638 331 1704 quinetiam,
347 1652 409 1690 cum
419 1639 486 1691 inte
497 1644 626 1707 peceant,
640 1641 723 1706 impie
738 1639 844 1689 inerunt
858 1639 958 1703 inani·

158 1720 218 1756 mas
233 1719 310 1767 suas,
330 1711 359 1756 et
371 1706 502 1758 nientitur
520 1707 652 1772 iniquitas
671 1707 738 1768 sibi,
756 1707 816 1756 sive
834 1719 957 1754 eorrum·
1013 1724 1014 1781 ζ

158 1771 250 1836 pendo
261 1785 293 1821 ac
302 1773 485 1836 pervertendo
497 1780 623 1824 naturam
633 1789 719 1835 snam,
732 1787 813 1840 quam
823 1778 854 1822 tu
864 1770 959 1822 iecisti

159 1843 188 1888 et
198 1836 341 1898 ordinasti,
351 1839 397 1889 vel
405 1840 587 1891 immoderate
596 1839 700 1891 utendo
711 1839 854 1890 concessis
863 1838 957 1897 rebus,
1013 1882 1014 1891 ,

158 1903 204 1954 vel
213 1901 241 1952 in
251 1917 306 1954 non
317 1917 450 1956 concessa
463 1905 607 1972 flagrando
620 1907 651 1958 in
665 1920 728 1957 eunr
741 1921 835 1966 usum,
852 1905 901 1970 qui
914 1910 959 1954 est

158 1975 257 2020 eontra
274 1975 412 2034 naturum3
431 1977 479 2022 aut
496 1973 539 2022 rei
556 1979 698 2034 tenentur,
717 1973 808 2035 animo
823 1977 852 2022 et
864 1970 957 2023 verbis

158 2036 323 2086 saevientes]
337 2035 469 2088 adversus
484 2043 527 2100 te,
546 2045 575 2089 et
593 2040 724 2091 adversus
743 2039 884 2090 stimulum
901 2037 956 2087 cal·

159 2103 304 2162 cluentem
323 2106 444 2152 anteum
462 2103 594 2171 disruptis
608 2106 743 2158 limitibus
761 2103 897 2156 humanae
911 2118 957 2154 so·

89 2214 94 2220 ,
158 2167 281 2228 cretatis,
295 2166 432 2246 laetantur
446 2171 566 2222 audaces
579 2174 693 2238 privatis
712 2170 957 2227 conciliationibus

38 2310 41 2318 ,
67 2291 84 2304 ,
157 2239 206 2283 aut
222 2233 446 2300 diremtronibus,
465 2245 549 2303 prout
567 2239 687 2306 quidque
706 2237 888 2289 delectaverit
907 2242 959 2286 aut

158 2299 316 2352 offenderit.
351 2301 388 2351 Et
401 2317 435 2354 ea
448 2304 517 2356 liunt
531 2321 592 2356 cum
607 2311 637 2356 tu
654 2304 872 2370 derelinqueris,
890 2301 956 2353 lons

157 2368 240 2430 vitae,
252 2366 339 2433 quies
350 2383 419 2420 unus
430 2379 459 2421 et
468 2386 549 2425 verus
560 2380 670 2423 creator
680 2377 708 2423 et
717 2378 812 2421 rector
821 2369 956 2420 universi-

126 2446 129 2452 ·
156 2436 236 2498 tetis3
255 2439 284 2484 et
293 2435 400 2500 privata
410 2437 539 2502 superbia
548 2434 674 2504 diligitur
682 2439 712 2488 in
720 2443 798 2502 parte
810 2451 893 2486 unum
903 2434 956 2485 ial-

96 2520 98 2528 ’
158 2515 227 2553 sum.
261 2500 357 2568 ltaque
370 2504 473 2569 pietate
488 2503 587 2554 humili
600 2505 706 2555 reditur
715 2505 743 2554 in
753 2510 796 2565 te,
813 2510 842 2553 et
852 2517 957 2568 purgas

157 2583 209 2616 nos
228 2583 244 2618 a
264 2571 463 2622 consuetudine
481 2573 567 2632 melu,
586 2577 615 2620 et
631 2572 766 2636 propitius
787 2584 818 2619 es
832 2569 957 2635 peccatis

159 2635 361 2698 confitentium,
378 2644 408 2689 et
420 2639 536 2689 exaudis
548 2638 667 2704 gemitus
681 2635 914 2703 compeditorum,
928 2643 960 2688 et
