2050 2925
135 100 188 157 ²84
335 98 501 153 nouanti
518 93 740 160 nuoosrloll

54 250 58 254 .
136 202 267 271 quoniam
286 209 351 254 suut
362 203 487 269 quidam,
506 202 606 269 quibus
621 201 771 268 displicent
784 215 876 269 opera
889 206 948 263 tua,

136 280 167 323 et
179 270 266 322 multa
276 284 373 334 eortnn
383 270 478 320 dicunt
487 275 516 319 te
527 268 628 320 fecisse
638 270 809 321 necessitate
821 268 949 335 compul-

137 354 211 400 sum,
225 338 299 388 sicut
310 336 432 388 fabricas
446 338 591 387 coelorum
600 341 628 386 et
639 338 863 401 compositiones
874 336 958 387 side:

136 399 243 467 rum,e't
251 402 320 454 haee
330 419 385 455 non
397 404 431 455 de
441 410 500 465 tuo,
506 404 557 454 sed
567 404 622 453 iam
632 401 720 453 fuisse
731 403 800 454 alibi
811 410 911 454 creata
921 407 949 453 et

137 471 264 534 aliunde,
279 486 349 537 qnae
361 477 393 521 tu
403 469 584 534 contraheres
595 476 623 521 et
634 470 851 537 compaginares
863 477 948 536 atque

137 545 318 601 contexeres,
332 552 394 589 enm
408 538 443 588 de
453 536 582 589 hostibus
592 538 674 599 victis
684 536 824 594 mundana
834 537 950 587 moenia

137 606 292 667 molireris,
311 611 390 656 ntea
402 604 612 655 constructione
627 603 730 656 devicti
741 602 791 671 [al.
807 601 946 668 devincti]

138 673 274 725 adversus
288 679 317 722 te
329 672 429 721 iterum
442 670 581 722 rebellare
595 684 651 721 non
663 677 791 737 possent:
811 671 870 721 alia
879 684 947 720 vero

139 755 192 791 nec
207 738 310 789 fecisse
321 742 361 799 te,
374 752 427 787 nec
437 740 550 787 omnino
562 740 751 804 compegisse,
765 739 839 787 sicut
849 750 947 788 omnes

139 820 252 867 carnes,
268 812 297 854 et
309 804 493 854 mantissima
505 818 633 871 quaeque
648 805 811 866 animantia,
826 810 855 855 et
869 804 945 871 quid·

84 923 87 926 ,
140 872 207 941 quid
225 871 366 923 radicibus
384 877 490 922 terram
507 877 598 935 tanet3
616 872 666 922 sed
681 870 812 922 hostilem
826 877 949 922 mentem

139 944 323 1005 naturamque
333 938 428 1000 aliam,
438 952 491 989 nec
502 938 552 989 abs
563 945 590 988 te
602 938 756 1000 conditam,
767 938 872 1003 ubique
883 953 947 989 con-

140 1009 269 1069 trariam,
281 1008 311 1056 in
323 1005 507 1057 inferioribus
521 1004 616 1055 mundi
629 1005 700 1056 locis
714 1006 770 1061 ista
780 1006 898 1071 gignere
909 1011 948 1055 at·

160 1089 196 1125 ue
208 1073 340 1125 formare.
375 1072 469 1123 lnsani
481 1073 577 1123 dicunt
588 1068 669 1135 haec,
685 1072 815 1138 quoniam
829 1086 886 1121 uon
899 1084 948 1139 per

134 1090 278 1207 'Spiritum
291 1146 369 1192 tuum
384 1140 479 1190 vident
491 1154 580 1207 opera
592 1144 652 1201 tua,
667 1153 719 1191 neo
734 1144 762 1189 te
774 1144 948 1206 cognoscunt

141 1224 234 1259 mens.

196 1276 226 1324 C.
241 1272 343 1323 xxxi.
381 1272 434 1332 Qui
449 1278 542 1324 autem
555 1286 605 1339 per
619 1272 752 1340 Spiritum
765 1278 842 1324 tuum
853 1272 948 1323 rident

142 1354 189 1402 ea,
207 1350 239 1389 tu
258 1340 337 1389 vides
356 1340 386 1387 in
404 1341 455 1389 eis.
491 1339 568 1406 Ergo
588 1355 651 1390 cnm
669 1340 776 1402 rident,
797 1342 864 1407 quia
876 1341 948 1391 bona

86 1419 92 1425 ·
144 1412 221 1473 sunt,
234 1412 265 1456 tn
277 1405 356 1456 vides
361 1442 369 1468 ,
383 1408 450 1473 quia
460 1406 536 1457 bona
548 1413 624 1472 sunt3
644 1414 673 1457 et
686 1402 877 1476 quaecumque
887 1420 947 1475 pro·

143 1481 207 1543 pter
217 1481 244 1526 te
253 1475 415 1543 placent-tu
424 1475 453 1525 in
464 1475 505 1524 eis
516 1475 624 1540 places;
637 1481 665 1526 et
675 1490 744 1542 quae
755 1490 806 1542 per
817 1475 948 1542 Spiritum

101 1596 102 1599 ,
142 1551 223 1594 tuum
232 1543 344 1610 placent
352 1542 444 1605 nobis,
454 1542 506 1593 tibi
517 1542 628 1610 placent
638 1543 667 1594 in
676 1543 766 1594 nobis.
803 1541 870 1606 Quis
881 1541 947 1594 caim

142 1609 192 1660 scit
205 1609 342 1660 lominum
353 1624 421 1674 qaae
430 1617 493 1659 suot
503 1608 630 1672 hominis,
644 1608 697 1660 nisi
705 1609 814 1676 spiritus
825 1608 947 1670 leminis,

162 1676 191 1727 ui
205 1674 237 1728 r‘n
254 1677 310 1743 ipso
330 1677 385 1727 est?
401 1675 446 1727 Sic
459 1685 487 1727 et
499 1692 567 1743 quoe
581 1673 637 1732 Dei
648 1685 712 1727 sunt
723 1690 798 1728 nemo
813 1676 877 1739 ecit,
898 1675 948 1726 nisa

142 1693 259 1810 §pinitus
273 1742 334 1794 Dei.
372 1740 428 1794 Nos
441 1752 541 1805 autem,
557 1744 659 1811 inquit,
674 1759 727 1794 non
737 1743 861 1811 spiritum
871 1742 947 1794 icius

141 1811 235 1862 ouandi
243 1810 403 1877 accepimus,
413 1811 461 1861 sed
468 1810 601 1877 spiritum,
614 1810 660 1878 qui
668 1826 701 1862 ex
711 1808 771 1862 Deo
783 1819 829 1874 est,
841 1810 946 1862 stacia·

141 1893 199 1929 mus
219 1894 286 1946 quae
300 1894 317 1928 a
329 1875 389 1928 Deo
403 1879 504 1928 deuota
516 1886 581 1929 artat
593 1877 677 1929 nobis.
690 1880 716 1940 (l
729 1878 792 1930 Cor.
803 1880 829 1942 2,
842 1881 883 1930 ll.
894 1880 946 1941 li.)

140 1945 178 1996 Et
197 1946 361 2007 admoneor,
380 1952 412 1996 ut
430 1944 532 1997 dicam:
552 1951 628 1996 certe
648 1947 794 1998 nemosoit
812 1945 946 2014 quaeDei

140 2018 219 2074 sunt,
238 2013 293 2063 nisi
308 2011 428 2078 Spiritus
441 2013 505 2065 Dei.
543 2013 699 2074 Quomodo
720 2027 788 2080 ergo
807 2015 909 2064 seimus
920 2018 947 2064 et

140 2093 206 2141 nos,
225 2093 297 2147 quae
316 2094 334 2128 a
351 2078 414 2130 Deo
434 2080 538 2132 donata
556 2086 621 2131 sunt
639 2079 736 2131 nobisi
753 2081 946 2147 Respondeant

141 2145 221 2198 mihi:
248 2147 392 2213 quoniam,
422 2163 493 2214 quae
523 2162 573 2214 per
595 2148 654 2200 eius
678 2146 812 2212 Spiritum
836 2147 944 2210 scimus,

142 2216 228 2277 etiam
245 2214 287 2272 sic
300 2227 382 2263 nemo
395 2216 462 2276 scit,
481 2215 535 2266 nisi
550 2214 669 2281 Spiritus
683 2215 747 2268 Dei.
783 2215 863 2268 Sicut
876 2216 945 2267 enim

141 2287 220 2331 recte
239 2280 344 2332 dictum
363 2286 417 2332 est:
437 2297 491 2332 non
508 2281 581 2332 enim
599 2298 644 2333 nos
664 2283 726 2335 estis
764 2283 793 2334 tei
806 2280 944 2352 loquimini

142 2346 255 2408 (lllattlr.
269 2350 309 2409 lo,
320 2349 388 2410 aa),
400 2349 444 2397 eis
459 2349 506 2413 qui
520 2349 550 2398 in
563 2349 618 2400 Dei
632 2349 738 2417 Spiritu
747 2299 941 2418 {oquerentum
1014 2419 1015 2422 Ἴ

134 2413 185 2462 ,sic
198 2420 275 2463 recte
291 2414 408 2464 dicitur:
423 2429 478 2464 non
492 2429 542 2465 vos
558 2417 627 2467 estis
642 2419 689 2484 qui
701 2419 792 2482 scitis,
807 2421 851 2470 eis
862 2419 941 2486 quiin

95 2535 101 2542 ,
143 2477 198 2527 Dei
213 2479 317 2544 Spiritu
336 2482 435 2531 sciunt.
471 2477 567 2531 Nihilo
583 2485 674 2536 minus
687 2486 774 2552 igitur
789 2491 867 2538 recte
881 2487 942 2538 diei·

143 2549 201 2591 tur:
220 2543 275 2595 non
288 2559 339 2596 vos
353 2547 421 2596 estis
435 2549 482 2612 qui
494 2548 610 2610 ridetis,
624 2552 665 2602 eis
681 2552 766 2619 quiin
778 2551 941 2619 Spiritullci

143 2608 247 2679 vident.
282 2609 325 2663 lta
339 2613 473 2681 quidquid
481 2616 511 2668 iu
522 2614 629 2682 Spiritu
637 2617 692 2673 Dei
701 2619 809 2684 rideat,
824 2622 943 2689 quiaho-
