2050 2925
109 149 112 155 Α
186 126 536 181 courussiouuni
553 125 678 182 LIBER
694 128 745 181 xi.
820 86 872 183 ‘215

73 227 188 280 ubinoa
197 235 258 281 erat
266 236 383 299 tempus.
416 228 476 280 Nee
485 234 651 298 intempore
661 237 786 297 tempora
795 242 873 296 prae·

78 296 170 358 cedis3
194 297 319 364 alioquin
340 312 396 348 non
419 297 513 355 omnia
533 302 659 365 tempora
680 296 872 365 praecederes.

76 362 135 415 Sed
151 365 293 429 praecedis
312 365 405 415 omnia
423 366 577 432 praeterita
589 364 753 416 celsitudine
767 366 883 429 semper

74 433 229 497 praesentis
238 431 422 494 aeternitatis,
432 437 461 481 et
469 446 587 498 superae
597 432 689 483 omnia
698 430 799 492 futura,
811 430 876 495 quia

74 498 128 549 illa
139 496 231 549 futura
243 505 320 562 suut,
341 504 444 549 etcum
457 500 597 561 venerint,
616 499 769 565 praeterita
782 502 874 559 erunt3

74 572 107 615 tu
117 570 208 617 autem
216 567 292 617 idem
301 568 362 633 ipse
373 580 413 628 es,
423 572 452 616 et
462 567 528 617 anni
536 566 579 616 tui
588 580 644 615 non
654 565 795 615 deliciunt.
821 563 875 612 An·

73 633 106 683 ni
118 634 161 683 tui
170 647 219 685 nec
229 639 296 685 eunt
303 648 356 684 nec
365 634 491 696 veniuut3
508 632 559 684 isti
569 638 660 683 autem
670 632 761 682 nostri
770 636 799 681 et
809 636 876 680 eunt

75 705 106 751 et
116 700 239 764 veniunt,
253 711 284 752 ut
294 715 389 752 omnes
399 700 520 751 veniant.
556 698 626 751 Anni
635 700 677 750 tui
687 712 782 749 omnes
793 696 876 747 simul

74 772 161 830 stant,
171 770 300 835 quoniam
309 773 392 830 stant,
401 782 454 818 nec
463 772 561 818 euntes
572 781 589 816 a
597 766 771 817 venientibus
783 764 875 816 exclu-
939 826 943 833 Δ

74 833 190 897 duntur,
205 836 268 901 quia
277 850 333 886 non
342 840 499 898 transeunt3
518 834 567 885 isti
576 830 668 885 autem
678 832 767 884 nostri
779 845 875 883 omnes

74 906 170 963 eruut,
182 917 243 953 cum
252 917 348 955 omnes
358 918 414 954 non
426 907 516 953 erunt.
551 902 622 951 Anni
630 901 671 951 tui
681 900 741 951 dies
751 906 834 961 unus}
846 904 876 947 et

73 968 138 1018 dies
155 974 220 1020 tuus
233 986 288 1021 non
302 971 443 1037 quotidie,
462 965 513 1019 sed
526 964 625 1029 hodie,
645 967 710 1034 quia
722 964 874 1016 hodiernus
954 990 964 995 -

72 1040 138 1085 tuus
155 1050 214 1086 non
233 1037 307 1087 cedit
327 1036 464 1097 crastin03
482 1047 572 1100 neque
592 1034 665 1085 enim
688 1031 814 1082 succedit
826 1028 874 1089 he-

72 1108 181 1153 sterno.
201 1102 364 1153 Hodiernus
372 1108 438 1151 tuus
448 1102 612 1163 aeternitas3
622 1100 686 1150 ideo
698 1104 889 1159 coaeternum¹

74 1169 210 1235 genuisti,
221 1170 266 1218 cui
275 1168 382 1219 dixisti:
401 1166 466 1235 Ego
475 1166 553 1219 hodie
583 1166 644 1217 eout'
653 1175 687 1217 ie.
699 1164 757 1228 (Ps.
768 1166 793 1227 Ξ,
803 1166 829 1215 i.
841 1162 877 1214 cf.
945 1202 947 1205 .
972 1161 976 1170 “

70 1234 201 1297 liebri),
211 1234 249 1297 5.)
268 1235 368 1286 On'mia
376 1242 504 1301 tempora
513 1240 545 1285 tu
568 1234 658 1297 ecisti,
670 1238 772 1285 etante
785 1232 878 1283 omnia

72 1310 202 1369 tempora
210 1307 242 1352 tu
251 1316 291 1365 es,
302 1316 354 1352 nec
364 1302 460 1369 aliquo
470 1307 596 1367 tempore
606 1316 661 1353 non
672 1306 859 1367 erattempus.
904 1348 906 1355 Α

126 1370 156 1421 G.
170 1368 243 1421 XIV.
278 1368 363 1421 Nullo
388 1384 457 1437 ergo
477 1376 605 1437 tempore
625 1378 681 1419 non
699 1368 809 1419 feceras
827 1366 886 1421 ali·.

74 1439 155 1504 quid,
169 1438 234 1506 quia
247 1438 338 1505 ipsum
347 1440 456 1504 tempus
466 1443 497 1488 tu
506 1436 628 1500 feceram
648 1442 677 1488 et
685 1436 763 1488 nulla
771 1442 877 1502 tempo-

72 1521 107 1556 ra
125 1507 181 1557 tibi·
191 1511 343 1556 coaeterna
355 1512 433 1567 sunt,
452 1506 518 1571 quia
529 1511 560 1554 tu
572 1517 729 1569 permanes:
748 1507 777 1552 at
790 1501 839 1552 illa
853 1501 879 1551 si

73 1579 285 1640 pennanerent,
304 1585 362 1621 uon
380 1577 475 1622 essent
491 1578 627 1636 tempora.
663 1567 737 1628 Quid
751 1568 822 1618 enim
837 1573 880 1618 est

74 1638 201 1704 tempus}
219 1638 289 1698 Quis
308 1636 362 1688 lroc
383 1637 468 1688 facile
485 1636 663 1700 breviterque
684 1633 879 1701 explicaveriti
958 1648 970 1665 ⁶

75 1706 148 1766 Quis
161 1703 215 1755 hoc
229 1704 389 1755 adverbum
402 1704 436 1754 de
450 1704 500 1753 illo
511 1700 708 1770 proferendum
716 1699 762 1752 vel
772 1703 877 1767 cogita·

73 1776 155 1824 tione
165 1770 422 1838 comprehenderit?
430 1770 505 1832 Quid
515 1776 608 1822 autem
618 1768 781 1820 familiarius
792 1774 820 1818 et
829 1781 878 1818 no-

75 1843 133 1890 tius
151 1840 181 1889 in
193 1839 335 1905 loquendo
349 1851 596 1890 commemoramus
609 1847 691 1904 quam
702 1832 826 1902 tempusl
842 1834 879 1885 Et

75 1907 262 1976 intelligimus
281 1907 390 1972 utique,
410 1921 472 1956 cum
480 1905 515 1956 id
528 1905 679 1970 loquimur3
696 1903 878 1970 intelligimus

77 1974 175 2036 etiam,
188 1989 251 2025 cum
261 1973 317 2024 alio
327 1973 459 2040 loquente
468 1972 499 2024 id
508 1973 657 2024 audimus..
672 1969 746 2032 Quid
756 1977 799 2022 est
809 1981 878 2037 ergo
936 2021 938 2030 ,
1020 1989 1021 2046 ᾗ

76 2042 201 2108 tempusl
219 2041 343 2094 sinemo
358 2055 392 2091 ex
405 2055 448 2092 me
461 2045 591 2106 quaerat,
605 2042 677 2104 scio;
697 2039 722 2090 si
734 2038 879 2106 quaerenti

77 2109 219 2174 explicare
232 2109 328 2170 velim,
348 2109 459 2172 nesci03
470 2108 596 2159 ⁴tidenter
607 2114 700 2159 tamen
714 2107 790 2169 dico,
806 2107 881 2156 scire

76 2191 130 2228 me.
156 2177 239 2237 Quod
249 2177 274 2228 si
283 2174 353 2226 nihil
362 2175 537 2242 praeteriret,
547 2189 603 2226 non
614 2180 690 2226 esset
698 2173 881 2240 praeteritum

76 2251 198 2311 tempus3
217 2245 279 2294 etsi
289 2241 520 2306 nihiiadvenirct,
531 2257 587 2294 non
598 2248 673 2294 esset
682 2240 805 2292 futurum
812 2237 881 2290 teui-
1020 2281 1021 2304 2

75 2327 143 2430 ppm
162 2312 234 2362 etsi
254 2308 332 2364 nihii,
344 2316 432 2372 esset,
452 2320 509 2361 non
528 2315 604 2361 esset
616 2321 749 2376 praesens
762 2312 882 2372 tempus.
958 2344 961 2349 .
1020 2329 1021 2360 3

104 2394 142 2429 uo
153 2392 222 2444 ergo
232 2376 282 2428 illa
292 2383 431 2443 tempora,
445 2379 627 2442 praeteritum
637 2382 666 2426 et
675 2373 811 2432 futurum,
826 2385 881 2436 quo

76 2445 163 2498 modo
173 2449 246 2505 sunt,
257 2444 369 2509 quando
381 2448 410 2495 et
416 2444 596 2508 praeteritum
606 2445 662 2493 iam
671 2444 790 2500 nonest,
802 2443 830 2487 et
840 2435 882 2485 iu·

76 2523 170 2565 turum
183 2512 307 2563 nondum
321 2509 380 2561 esti
397 2510 535 2562 Praesens
549 2516 640 2560 autem
652 2509 676 2558 si
687 2517 797 2571 semper
806 2507 883 2554 esset

76 2593 223 2648 praesens,
232 2591 285 2627 nec
293 2579 323 2627 in
332 2577 512 2644 praeteritum
522 2577 664 2634 transiret,
674 2573 729 2622 iam
739 2585 794 2621 non
806 2573 882 2620 esset

77 2658 197 2719 tempus,
209 2645 259 2700 sed
269 2645 429 2698 aeternitas.
461 2643 490 2696 Si
501 2659 570 2712 ergo
580 2653 722 2712 praesens,
733 2643 765 2690 ut
773 2642 882 2703 tempus
