2050 2925
201 126 522 234 courussronutu
539 142 661 197 bruun
677 144 759 199 vni.
830 136 878 199 [141

79 247 121 298 tie
129 246 218 297 multa
226 246 457 309 dixitibisEttu,
470 245 599 309 Domine,
608 262 695 313 usque
706 248 778 315 quot
786 250 880 318 Usque

80 330 149 380 quo,
167 314 300 375 Domine,
319 315 450 365 irasceris
462 314 492 364 in
504 314 604 365 tineml
619 312 663 365 Ne
675 328 781 367 memor
793 316 881 369 fueris

78 381 256 448 iniquitatum
264 388 423 433 nonnarum
433 383 615 447 antiquarum.
639 380 797 435 Sentiebam
808 386 882 435 enim

51 460 55 463 ·
80 449 122 499 eis
134 462 179 499 me
191 450 291 499 teneri.
326 448 466 503 lactabam
481 462 566 499 voces
584 448 772 501 miserabiles:
792 451 881 511 Quam

38 573 44 581 A
80 515 144 567 diui
155 515 306 582 quamdiut
316 516 383 566 Cras
393 522 422 565 et
431 516 507 567 cresi
518 516 610 576 Quare
620 531 676 567 non
685 517 785 569 modol
814 532 881 571 uere

77 597 135 633 uon
145 580 198 633 bac
205 582 275 633 liora
284 583 347 634 linis
357 584 536 649 turpitudinis
546 583 640 635 meael
656 534 881 648 Dicebamineo,

79 655 109 700 et
130 648 231 700 ilebism
251 650 424 702 amarissima
441 646 611 704 contritione
632 652 725 703 cordis
744 653 808 703 urci.
844 652 882 703 Et

78 730 147 767 ecce
157 718 241 768 msdio
252 732 348 769 vocem
358 718 586 770 deviciuadomo
596 734 658 771 cum
669 725 752 770 cantu
762 720 880 771 dicentis
902 746 905 749 ·
971 780 972 783 Ἴ

78 790 110 834 et
119 784 218 835 crebro
228 786 395 852 repetentis,
411 786 490 852 quasi
500 787 592 853 pueri,
606 789 641 837 u‘n
651 787 761 851 puellae
771 787 881 839 nescios
962 796 974 815 ‘

77 851 188 913 Tolle,
202 852 289 921 lege3
307 853 401 914 tolle,
414 855 499 919 lege.
519 852 675 919 Statimque
685 859 790 905 mutato
801 855 881 906 vultu

75 920 281 972 intentissimus
289 922 414 988 cogitare
422 921 512 986 coepi,
520 922 805 973 utrumnamsolerent
814 935 880 987 pue·
974 923 975 926 ’

76 986 244 1104 riin'aliquo
252 1002 356 1055 genere
364 988 480 1039 ludendi
488 987 624 1038 cantitare
633 976 690 1037 tale
700 987 816 1053 aliquid:
828 1002 880 1039 nec
907 986 909 991 ’

77 1068 196 1105 occurre
216 1060 245 1105 nt
255 1056 366 1106 omnino
377 1055 517 1105 audivisse
527 1066 570 1105 me
581 1054 695 1117 uspiam.
729 1054 881 1119 Represso·

76 1136 134 1188 que
146 1122 252 1187 inipetu
262 1121 438 1171 lacrimarum
444 1122 555 1172 surrexi
561 1156 568 1182 ,
583 1118 652 1171 nihil
662 1120 737 1171 aliud
747 1122 880 1188 interpre-

76 1190 215 1249 tans,nisi
225 1189 358 1240 divinitus
368 1186 438 1240 milri
446 1187 547 1250 iuberi,
556 1192 587 1237 'ut
599 1188 736 1253 aperirem
743 1188 881 1251 codicem,

77 1262 110 1307 et
115 1256 256 1323 legerem,
267 1258 342 1322 quod
352 1256 469 1322 primum
480 1261 562 1321 caput
571 1254 747 1308 invenissem.
781 1256 881 1307 Audie-
892 1281 897 1290 ι

76 1337 139 1374 ram
154 1324 228 1373 enisu
240 1324 274 1373 de
288 1322 421 1387 Antonio,
436 1323 511 1392 quod
526 1338 561 1375 ex
575 1323 739 1389 evangelica
748 1323 881 1386 lectione,

77 1390 127 1441 cui
139 1388 215 1441 forte
226 1398 436 1457 supervenerat,
454 1391 613 1444 admonitus
626 1390 722 1453 fuerit,
741 1396 882 1457 tamquam

77 1457 137 1511 sibi
149 1457 303 1522 diceretur,
323 1458 399 1527 quod
411 1458 569 1526 legebatur:
587 1455 671 1519 Vnde,
687 1457 767 1509 sende
782 1456 880 1520 onnia,

79 1541 150 1594 quoe
162 1525 256 1587 babes,
270 1534 298 1576 et
306 1525 522 1592 depaupers‘bus,
538 1532 565 1576 et
571 1523 681 1582 Itabebis
692 1524 845 1576 tnesaurum
854 1523 883 1574 in

77 1591 178 1652 ecelin
197 1600 226 1642 et
244 1591 328 1652 oeni,
342 1607 450 1658 sequere
473 1607 514 1641 me
525 1589 636 1652 (Matth.
646 1589 686 1652 19,
698 1591 765 1653 21.);
785 1599 814 1640 et
832 1589 883 1640 tali
937 1624 944 1639 ,

78 1659 198 1710 oraculo
221 1657 370 1711 confestim
393 1658 429 1708 ad
446 1663 475 1707 te
495 1671 558 1707 esse
570 1671 751 1707 conversum.
786 1656 883 1722 ltaque

77 1725 210 1777 concitus
227 1723 301 1775 redii
313 1722 348 1774 ad
362 1738 424 1774 eum
437 1725 544 1785 locum,
563 1723 610 1774 ubi
625 1723 742 1774 sedebat
753 1722 883 1789 Alypius3

73 1783 122 1844 'ibi
136 1794 210 1843 enim
223 1805 374 1860 posueram
387 1790 512 1842 codicem
522 1789 663 1855 Apostoli,
679 1805 740 1840 etun
749 1790 814 1840 inde
826 1803 884 1840 sur·

77 1872 218 1912 texeram.
253 1858 382 1925 diripui,
393 1854 501 1925 operui,
512 1863 541 1908 et
550 1857 608 1924 legi
617 1857 646 1907 in
656 1857 769 1908 silentio
780 1857 883 1922 capim·

78 1928 152 1989 lum,
172 1942 227 1992 quo
245 1927 364 1994 primum
382 1925 504 1976 coniecti
522 1930 587 1976 suut
603 1925 680 1975 'oculi
695 1922 843 1986 meisNon
854 1922 884 1984 in
904 1977 910 1991 x

27 2002 41 2022 ⁸
82 1993 320 2046 comessationibus
330 2002 357 2046 et
364 1992 548 2054 ebrietatibus,
561 1991 653 2042 nonin
663 1990 881 2042 cubilibusets'm·

75 2059 228 2129 pudicitiie,
248 2077 304 2114 non
315 2061 344 2112 in
357 2059 526 2113 contentione
538 2067 566 2110 et
576 2059 769 2122 aesrsnlution03
786 2057 833 2110 sed
843 2057 884 2110 in·
919 2077 923 2084 ’

78 2127 157 2180 duite'
170 2126 316 2180 Dominum
332 2128 420 2180 lesum
435 2126 583 2189 Christum,
603 2134 630 2178 et
641 2127 731 2181 carnis
762 2123 882 2178 reoiden-

83 2194 152 2253 ticm
167 2211 201 2246 ne
208 2195 333 2266 fecetitis
342 2195 371 2246 in
381 2193 609 2262 concupiscentiis.
620 2194 710 2256 (Rom.
723 2142 816 2260 lgqli.
830 2193 883 2265 14.)

76 2261 226 2324 baculus
236 2264 313 2313 volui
323 2265 428 2330 legere,
438 2278 490 2314 uec
500 2277 569 2330 opus
581 2267 649 2312 erat.
672 2261 771 2314 Statim
783 2261 883 2326 quippe

81 2344 146 2380 cum
164 2330 219 2381 line
238 2318 354 2380 huiusce
368 2330 537 2392 sententiae,
556 2328 711 2394 quusiluce
725 2323 884 2379 securitatis

79 2395 176 2448 infuse
184 2397 265 2449 cordi
273 2411 350 2459 meo,
361 2412 456 2449 omnes
467 2395 648 2446 dubitationis
659 2395 791 2446 tenebrae
803 2389 883 2442 diffu-

81 2469 191 2531 gerunt.
207 2511 211 2517 ,
228 2465 300 2514 Tum
311 2464 459 2523 interiecto
471 2469 520 2514 aut
535 2463 636 2528 digito,
655 2467 704 2511 aut
716 2459 812 2510 nescio
846 2469 882 2507 uu

75 2531 138 2582 alio
153 2531 248 2598 signo,
267 2529 395 2582 codicem
409 2530 512 2591 clausi,
532 2534 560 2579 et
573 2526 723 2592 tranquillo
739 2526 794 2574 iam
805 2538 842 2574 ru
853 2527 884 2572 tu

79 2597 204 2649 iudicavi
215 2596 327 2664 Alypio.
361 2599 398 2648 st
409 2597 474 2658 ille,
487 2595 555 2662 quid
568 2595 597 2644 in
612 2608 643 2644 se
654 2597 796 2657 ageretur,
809 2587 885 2656 quod

82 2678 137 2733 ego
147 2665 316 2728 nesciebam,
324 2665 365 2718 sie
373 2663 520 2716 indicarit:
530 2662 601 2729 petit
613 2659 716 2722 videre,
727 2655 791 2724 quid
801 2655 886 2722 legis-
