2050 2925
234 76 560 133 consessionem
576 78 763 133 LIBERVI.
864 81 923 135 89Δ
1000 30 1004 49 Ι

91 186 273 243 remantem,
287 180 422 244 Domine,
434 186 478 245 tn,
489 182 537 249 qui
546 182 690 248 praesides
700 182 897 249 gubernaculis

93 248 230 310 omnium,
240 263 312 315 quae
323 250 438 311 creasti,
449 263 504 299 nen
515 262 578 300 eum
588 248 691 299 oblitus
702 264 764 301 cras
774 248 900 303 intrarunt

90 315 167 365 inter
176 315 252 366 filios
262 321 329 366 tuos
335 316 489 365 antistitem
498 316 667 367 sacramenti
676 315 730 380 tui3
742 323 771 367 et
779 323 810 367 ut
818 320 895 383 aper·
972 326 975 331 ’
990 353 992 357 -

91 388 121 431 te
137 382 190 433 tibi
202 382 374 433 tribueretur
387 382 447 433 eius
459 384 614 445 correctio,
628 396 732 449 perme
743 382 853 449 quidem
863 384 895 435 il·

92 448 161 511 lam,
175 448 226 499 sed
242 450 411 500 nescientem
422 456 553 514 operatus
564 464 604 501 cs.
639 449 710 501 Nam
720 450 839 517 quodam
849 451 895 501 die

92 516 289 567 cumsedercm
296 516 361 581 loco
372 516 467 578 sclito,
475 524 504 567 et
513 532 608 568 coram
617 532 661 569 me
671 517 804 569 adessent
814 518 895 569 disci-

89 584 160 649 puli,
170 584 256 645 venit,
267 583 407 645 salutavit,
417 583 499 647 sedit,
509 589 593 703 attpre
603 585 682 648 inea,
694 584 895 651 qnaesageban·
965 641 972 645 ,
989 639 1001 645 „

88 658 145 712 tur,
153 650 409 702 animnmintendit.
425 650 543 703 Etiorte
564 653 638 703 ectio
648 653 675 703 in
686 651 813 703 manibus
824 659 897 719 erat,

90 732 174 785 quam
184 718 249 769 dum
259 731 441 784 exponerem,
455 724 484 769 et
493 725 649 786 opportune
659 719 727 770 mihi
737 718 897 771 abhibenda

8 787 9 792 ’
88 785 398 838 rideretursimilitudo
409 785 594 849 Circensium,
627 802 663 839 uo
674 786 757 851 illud,
768 785 844 854 quod
853 787 893 839 iu·

89 852 245 914 sinuabam,
257 852 443 923 etxiocundius
453 859 482 903 et
491 802 631 919 planius}

88 936 126 971 ne
140 920 266 970 mordaci
278 933 388 982 eorum,
403 920 539 985 quasilla
549 922 718 987 captivasset
726 922 847 984 insania,
861 928 892 973 tu

89 988 164 1050 scis,
177 986 255 1045 Deus
265 993 374 1048 noster,
391 987 467 1055 quod
476 992 543 1037 tnnc
553 986 587 1036 de
597 986 698 1054 Alypio
709 987 743 1038 ab
752 988 803 1039 illa
811 994 891 1054 peste

88 1054 216 1105 sanando
226 1068 282 1104 non
291 1054 484 1121 cogitaverim.
502 1052 594 1104 Atille
605 1054 674 1105 inse
684 1056 892 1120 sepultusque

87 1121 163 1172 illud
175 1136 231 1172 non
244 1121 299 1171 nisi
312 1127 430 1187 propter
443 1134 475 1172 se
488 1120 594 1172 dixisse
608 1121 737 1171 credidit.
768 1120 809 1174 ,Et
818 1119 893 1189 qued

89 1188 164 1239 alius
174 1189 316 1256 acciperet
326 1188 362 1238 ad
371 1188 590 1239 succensendum
600 1186 680 1251 mihi,
691 1188 800 1255 accepit
809 1186 895 1240 hone-

88 1263 151 1306 stus
161 1254 327 1307 adolescens
337 1255 372 1306 ad
383 1256 602 1308 succensendum
613 1256 680 1321 sibi,
696 1256 785 1316 adme
796 1254 895 1309 arden-

87 1316 147 1373 tius
157 1322 338 1389 diligendum.
373 1322 494 1374 Dixeras
504 1324 578 1375 enim
586 1329 617 1375 tu
626 1325 681 1375 iam
692 1324 767 1387 olim,
778 1330 808 1375 et
816 1324 895 1377 inne·

87 1404 193 1443 xueras
205 1390 298 1441 literis
309 1391 378 1441 tuise
398 1389 512 1457 Corripe
525 1388 682 1458 sapientem,
698 1400 727 1442 et
739 1391 843 1443 amobit
856 1398 891 1443 te.

59 1498 72 1503 -
88 1458 187 1521 (Pron.
197 1456 223 1523 e,
234 1458 272 1523 8.)
304 1457 403 1527 Atego
413 1458 557 1509 illumian
567 1473 623 1509 non
633 1458 832 1524 corripueram,
842 1457 893 1510 sed

87 1533 172 1578 utens
187 1533 219 1579 tu
232 1526 361 1578 omnibus
377 1532 407 1576 et
419 1525 573 1577 scientibus
588 1531 617 1576 et
630 1525 833 1588 nescientibus,
849 1540 895 1576 or·.

44 1593 48 1597 “
88 1594 156 1646 dine
171 1609 226 1662 quo
240 1595 315 1645 nosti
329 1595 371 1655 (et
382 1593 432 1644 ille
446 1592 517 1644 ordo
530 1593 621 1644 iustus
635 1594 705 1654 est),
720 1592 754 1644 de
768 1591 853 1643 eorde
864 1597 894 1642 et

632 861 701 918 eret,
713 870 775 905 cum
784 855 892 908 irrisio·
975 869 981 877 ¹

86 1663 187 1729 lingua
204 1675 267 1712 mea
285 1661 422 1712 carbones
435 1659 567 1711 ardentes
582 1665 713 1724 operatus
728 1673 772 1721 es,
791 1657 896 1725 quibus
976 1701 995 1722 ,

85 1735 210 1780 mentem
224 1729 285 1794 spei
297 1729 389 1779 bonae
404 1726 538 1780 adureres
549 1726 753 1788 tabescentem,
770 1741 802 1776 ac
812 1740 892 1779 sana·

86 1809 144 1847 res.
180 1795 288 1846 Taceat
297 1795 393 1846 laudm
403 1802 480 1856 trias,
495 1794 543 1848 oui
551 1793 750 1845 miserationes
762 1799 826 1844 tuas
836 1807 893 1844 nou
918 1844 920 1846 .

87 1862 265 1924 considerat,
285 1877 355 1939 quae
373 1861 425 1913 tibi
438 1862 473 1912 de
485 1861 618 1912 medullis
632 1862 701 1912 meis
715 1861 891 1912 confitentur.

85 1930 199 1981 Etenim
212 1929 262 1980 ille
277 1934 342 1996 post
355 1929 407 1980 illa
416 1928 647 2046 verbaproripuit
656 1942 686 1978 se
698 1943 732 1982 ex
742 1927 892 1982 forestam

86 1998 159 2059 alta,
174 2012 229 2064 qua
242 1996 364 2047 libenter
376 1997 508 2062 demerge
530 2002 605 2059 atur,
621 2001 722 2047 etcum
737 1995 892 2048 miserabili

85 2063 421 2130 voluptatceaccabatnr3
440 2069 470 2114 et
479 2064 604 2115 excussit
614 2064 734 2116 animum
743 2063 812 2115 forti
823 2069 891 2114 tem·
978 2084 982 2088 ·

8 2146 10 2198 ς
85 2132 227 2199 perantia,
240 2137 269 2181 et
277 2131 446 2182 resiluerunt
457 2145 553 2182 oannes
564 2131 736 2182 Circensium
746 2130 845 2182 sordes
856 2129 890 2180 ab
946 2175 948 2178 ,

86 2213 136 2259 eo,
151 2198 325 2264 ampliusque
338 2198 406 2248 illue
421 2212 477 2247 non
492 2198 621 2249 accessit.
657 2197 766 2250 Deinde
782 2204 891 2266 patrem

84 2266 271 2317 reluctantem
282 2265 379 2326 evicit,
394 2271 426 2315 ut
434 2277 479 2314 me
489 2265 624 2332 magistro
634 2270 769 2316 uteretur.
798 2263 891 2315 Cessit

83 2334 242 2399 ille‚atque
252 2333 403 2384 concessit.
429 2329 889 2395 Etandiremerursusinelpiens,
929 2347 936 2354 ⁷

82 2401 135 2450 illa
143 2414 253 2450 mecum
260 2399 461 2464 superstitione
467 2399 609 2450 involutus
620 2406 676 2461 est,
687 2413 782 2449 amans
792 2398 820 2447 in
830 2397 889 2446 Ma·
903 2426 905 2433 ι

83 2466 212 2520 nichaeis
223 2466 441 2520 ostentationem
451 2465 655 2528 continentiae,
666 2479 747 2531 qnam
756 2478 850 2514 rerum
861 2469 890 2514 et

84 2545 247 2602 germanam
259 2532 383 2601 putabat.
417 2532 487 2583 Erat
497 2539 590 2584 autem
600 2533 650 2587 illa
659 2543 758 2580 vecors
769 2536 798 2580 et
808 2529 889 2580 sedu-

85 2603 189 2666 ctoria,
202 2601 348 2670 pretiosas
367 2600 473 2653 animas
492 2607 620 2668 captans,
639 2593 761 2649 nonnoni
778 2595 890 2648 uirtutis
