2050 2925
206 126 530 196 concussionum
551 140 742 223 ntennxn
811 146 871 233 'cns
905 177 909 180 -

74 248 141 292 tura
152 248 228 305 sunt,
247 243 336 293 sedin
347 258 393 305 ea,
410 249 640 309 quaeantesunt,
656 258 712 297 non
722 244 869 308 distentus,
915 242 935 277 “·
968 289 970 293 .

74 308 129 359 scd
142 315 282 371 extentus,
303 324 358 360 non
371 310 521 369 secundum
535 310 743 373 distentionem,
761 310 812 361 sed
826 326 869 362 se·
956 368 960 375 ¹

74 375 196 425 cundum
216 376 400 427 intentionem
421 390 524 443 sequor
543 377 577 427 sd
595 372 713 443 palmam
731 392 867 442 supernae

73 441 245 502 vocationis,
263 442 311 493 ubi
328 443 438 493 audiam
451 458 549 495 vocem
561 444 651 495 laudis
664 450 742 506 tuae,
763 450 791 493 et
804 458 868 495 con-

72 508 867 577 templerdciectationemtuam,necvenientemmecprae-

72 580 239 625 tercenteni.
258 574 338 627 Nunc
352 591 418 627 vero
433 578 562 627 annimei
569 577 598 627 in
607 578 764 645 gemitibus.
781 577 868 639 Ettu,

72 642 206 691 solatium
213 656 314 703 meum,
322 642 630 709 Dominapatermeus,
638 647 767 695 aeternus
778 658 817 694 es.
833 644 869 693 At
882 662 885 670 s

73 708 867 776 egointemperantissimi,quoruntordinemnesci03ettu·

71 774 868 844 multuosisvarietatibusdilanianturcogitationesmeae,

70 841 872 911 intimavisceraanimaenieae‚‹ionecinteconfluampur-'
933 890 939 897 .
1000 864 1006 886 u

72 913 155 973 gatus
170 908 227 957 etii
249 908 577 977 uitiusigaeamotistui.
776 968 778 971 ,
804 931 807 935 ·

129 974 159 1023 C.
172 924 260 1025 X&
293 975 331 1025 Et
340 976 420 1026 stabo
430 980 514 1040 ‘atque
525 974 667 1026 solidabor
676 976 705 1025 in
714 981 756 1037 te,
770 976 800 1025 in
810 974 865 1026 ior·

72 1054 202 1101 mamea,
217 1042 336 1093 veritate
346 1047 407 1102 ωας
425 1055 477 1091 nec
491 1042 581 1105 patiar
591 1043 769 1107 quaestiones
778 1040 864 1091 homi·

72 1120 154 1165 num,
171 1106 219 1170 qui
230 1106 343 1169 poenali
356 1107 454 1157 morbo
467 1105 531 1172 pius
543 1107 640 1157 sitiunt
655 1122 736 1173 quam
746 1108 865 1173 copiunt,

73 1179 105 1223 et
124 1171 231 1220 dicunt:
259 1171 331 1230 Quid
349 1171 472 1223 iaciebat
482 1172 560 1223 Deus
580 1179 643 1223 aute
663 1187 742 1239 quam
759 1172 868 1234 iaceret

73 1237 186 1289 eoelum
199 1243 230 1287 et
240 1238 358 1288 terranei
382 1240 437 1289 Aut
450 1239 516 1305 quid
527 1240 553 1289 ei
562 1240 638 1291 venit
647 1242 674 1291 in
684 1246 816 1303 mentem,
835 1248 867 1291 ut

73 1303 180 1369 aliquid
189 1302 308 1365 iaceret,
319 1319 381 1355 cum
390 1312 624 1374 anteanumqoam
635 1308 741 1375 aliquid
749 1306 866 1361 feccrit}

71 1370 194 1433 nciliis,
203 1370 334 1433 Domine,
344 1372 415 1423 bene
426 1374 552 1440 cogitare
564 1373 630 1439 quid
639 1374 741 1437 dicant,
753 1381 781 1425 et
791 1375 864 1425 inue-

73 1439 144 1500 nire,
155 1439 220 1504 quia
228 1454 284 1489 non
294 1438 396 1490 dicitur
404 1454 563 1506 numquam,
572 1440 618 1492 ubi
628 1455 682 1492 non
694 1446 737 1492 est
746 1447 864 1508 tempus.

76 1505 158 1565 Quod
168 1520 235 1572 ergo
247 1504 350 1556 dieitur
359 1521 504 1571 numquam
514 1505 626 1566 fecisse,
637 1507 702 1570 quid
713 1507 788 1558 aliud
798 1509 864 1558 diei·

72 1579 131 1631 tur,
150 1572 203 1622 nisi
213 1573 289 1622 nullo
299 1579 427 1638 tempore
434 1571 552 1623 iecissci
574 1572 695 1622 Videant
703 1573 743 1622 ita
761 1588 795 1622 ue
807 1573 866 1623 nul·

73 1639 130 1688 lum
150 1645 258 1705 tempus
278 1652 341 1688 esse
359 1653 443 1704 posse
462 1639 522 1688 sine
537 1640 677 1700 creatura,
697 1645 725 1687 et
737 1589 867 1692 Resinam

73 1705 156 1754 istam
177 1708 327 1756 vanitatem
349 1705 436 1770 loqui.
470 1704 662 1756 Extendantur
683 1705 767 1754 etiam
784 1706 813 1756 in
833 1719 867 1755 eo

74 1786 146 1836 quae
155 1778 218 1822 ante
228 1778 306 1834 sunt,
325 1778 354 1822 et
361 1771 522 1838 intelligant
529 1776 558 1822 te
568 1777 631 1822 ante
643 1773 734 1822 omnia
741 1777 866 1838 tempora

73 1843 216 1887 oeternum
227 1845 381 1890 creatorem
391 1839 689 1903 omniumtemporum‚
709 1853 798 1904 neque
809 1838 866 1904 ulia

73 1912 200 1970 tempora
216 1905 268 1955 tibi
281 1919 344 1956 esse
358 1915 521 1966 constetne,
538 1919 589 1956 nee
602 1904 687 1956 ullam
701 1912 864 1968 ereaturam,

73 1973 158 2021 etiam
168 1971 193 2020 si
202 1977 246 2021 cst
255 1971 293 2021 oli
312 1979 583 2038 uasupratempora.
658 1976 662 1984 ‘

124 2037 154 2086 G.
169 2037 281 2088 xxxi:
334 2039 424 2090 omine
437 2037 514 2090 Deus
538 2054 629 2100 meus,
649 2039 710 2105 quis
723 2038 772 2090 ille
786 2041 863 2092 sinus

74 2110 119 2159 cst
132 2103 182 2154 alti
196 2106 298 2154 secreti
305 2106 365 2167 tui,
384 2112 413 2156 et
427 2121 507 2172 quam
517 2105 601 2172 longe
611 2105 675 2158 inde
684 2119 728 2156 me
737 2109 862 2173 proiece-

72 2176 138 2223 runt
148 2172 345 2237 consequentia
355 2172 520 2223 delictorum
529 2172 669 2224 meorumi
684 2172 756 2224 Sana
766 2174 862 2224 oeulos

72 2251 164 2297 meos,
185 2244 214 2286 ct
233 2239 422 2303 congaudeam
435 2240 491 2306 luci
503 2245 578 2290 tuae
615 2239 696 2290 Certe
710 2239 735 2290 si
750 2246 795 2290 est
806 2247 863 2296 tam

10 2303 22 2313 ⁸
72 2303 174 2372 grandi
186 2304 304 2354 scicntia
317 2305 345 2354 e't
357 2306 543 2368 praescientia
554 2305 663 2372 pollens
677 2306 797 2375 animus,
817 2304 863 2354 cui

69 2377 172 2422 cuncta
185 2371 337 2435 praeterita
350 2379 379 2420 et
391 2370 483 2421 futura
493 2374 535 2422 ita
547 2371 614 2422 nota
628 2373 694 2432 sint,
714 2371 787 2420 siout
795 2367 863 2420 mihi

67 2453 154 2488 unum
175 2437 312 2487 canticum
332 2437 521 2499 notissimum,
541 2439 654 2488 nimium
669 2437 802 2486 noirabilis
820 2441 863 2484 est

67 2506 179 2554 animm
192 2503 261 2564 iste
277 2508 361 2568 atque
374 2503 409 2552 ad
421 2501 566 2560 horrentem
581 2501 742 2566 stupendus:
762 2501 861 2566 quippe

68 2585 152 2638 quem
165 2571 206 2632 ito
219 2583 275 2620 non
287 2569 374 2621 lateat
387 2569 518 2636 quidquid
531 2575 672 2635 peractum
687 2572 715 2616 et
729 2565 862 2632 quidquid
893 2625 894 2630 ¹

67 2638 208 2704 reliquum
217 2635 392 2688 saecolorum
402 2642 458 2699 est,
468 2634 696 2705 quemadmodum
705 2647 748 2684 me
758 2647 812 2684 non
823 2632 860 2682 la-
