2050 2925
140 85 218 163 ‘su
257 98 277 166 ζ
356 108 528 161 lenanu
544 106 768 178 nuenarius
794 158 800 168 ,

124 231 127 244 1
158 208 373 270 .marestra(Ps
393 207 512 273 69,’33.);
530 216 561 261 ut
570 210 958 275 producctterranuimassrs'·
1008 216 1009 283 l

164 285 275 329 centem.
311 276 406 328 Nolite
425 275 594 328 conformari
607 274 672 326 huic
685 277 798 327 saeculo
813 278 905 339 (Rom.
921 279 960 339 12,
1008 286 1009 355 p

164 344 217 407 2.);
236 344 376 397 continete
388 358 439 394 vos
453 343 487 395 ab
501 358 545 393 eo.
580 342 740 393 Evitando
754 346 837 396 vivit
850 345 959 405 anima,
1008 356 1009 417 l

165 425 248 477 quae
264 410 446 477 adpetendo
460 412 606 460 moritur.
642 409 789 462 Continete
803 425 853 462 vos
868 411 958 466 ahim·
1008 428 1009 459 ι

164 477 239 527 niani
247 476 359 527 feritate
369 493 402 527 su
421 476 524 539 erbiae,
535 476 568 525 ab
579 476 662 525 inerti
671 476 816 542 voluptate
826 478 956 537 luxuriae,

165 550 195 594 et
203 558 221 593 a
230 542 326 594 fallaci
338 558 449 594 nomme
459 542 606 603 scientiae,
621 548 652 593 ut
661 542 717 593 sint
728 542 826 594 testim
836 558 955 594 nsansue·

136 625 140 630 ·
164 617 224 671 tae,
239 616 268 660 et
276 624 377 675 pecora
387 610 521 669 edomita,
535 614 564 658 et
572 608 681 659 innoxii
688 614 830 675 stipantes.
864 610 954 661 Motus
1008 632 1009 639 1

165 677 238 727 enim
247 678 354 727 animae
364 681 428 726 aunt
440 675 490 725 isti
498 675 527 724 in
538 673 686 741 allegoria:
705 676 756 727 sed
766 676 854 727 fastus
865 676 956 727 elatio·

164 745 220 803 uis,
245 748 273 793 et
288 741 438 792 delectatio
452 741 590 804 hbndrms,
604 747 633 792 et
645 755 781 793 venenum
793 742 956 793 curiositatis

163 815 254 859 motus
265 814 329 871 sunt
337 809 443 858 animae
452 812 592 869 mortuae,
608 808 673 875 quia
682 823 738 859 non
746 812 788 861 ita
795 811 917 869 moritur,
927 814 956 859 ut
1008 830 1009 833 ¹

165 875 240 926 omisi
263 880 346 933 motu*
363 881 470 938 careat3
502 876 632 941 quoniam
659 874 828 927 discedendo
847 890 865 925 a
881 874 954 925 fonte

164 943 238 993 vitae
257 942 387 1003 moritur,
406 948 489 1008 atque
507 943 548 991 ita
568 941 718 1007 suscipitur
736 941 953 1010 apraetereunte

165 1009 294 1071 saeculo,
314 1015 342 1059 et
355 1008 545 1075 conformatur
565 1008 600 1059 ei.
634 1007 757 1061 Verbum
771 1014 952 1067 antandrum,

164 1076 251 1137 Deus,
259 1076 322 1126 fons
334 1077 405 1125 vitae
416 1081 547 1129 aeternae
558 1080 610 1136 eat,
618 1081 646 1125 et
655 1088 712 1125 non
720 1076 865 1142 praeterit3
883 1073 953 1123 ideo·

165 1157 218 1209 que
232 1144 261 1193 in
274 1140 421 1192 verbotuo
436 1140 583 1193 cohibetur
591 1140 640 1191 ille
650 1140 804 1205 discessus,
821 1142 884 1193 dum
893 1138 954 1191 diei·
1008 1172 1009 1201 ᾗ

81 1216 88 1239 ¹
163 1209 314 1259 turnobis:
329 1205 416 1257 nolite
428 1206 670 1261 conformarihuic
681 1208 807 1274 saecu103
825 1207 954 1275 utpsods-
1008 1206 1009 1273 j

160 1282 210 1334 sat
227 1282 302 1323 terra
316 1274 345 1322 in
359 1272 437 1323 fonte
452 1275 527 1324 vitae
547 1274 663 1326 animam
675 1272 816 1337 meantem,
835 1275 863 1325 iu
875 1274 954 1325 verbo
1008 1312 1009 1317 ,

163 1347 213 1392 tuo
225 1353 275 1404 per
285 1338 472 1405 evangelistas
480 1345 546 1391 tuos
559 1337 678 1391 animam
687 1342 887 1404 coutinentem,
899 1340 955 1390 imi·

80 1427 83 1434 ·
163 1406 248 1457 tando
268 1405 424 1457 imitatores
437 1403 542 1457 Christi
554 1406 606 1457 tui.
640 1407 703 1459 Hoc
724 1414 767 1458 est
787 1409 954 1459 enimseeea·
1008 1404 1009 1437 ἓ

164 1473 340 1541 detergentes,
363 1474 494 1540 quoniam
515 1473 671 1531 aemulatio.
685 1475 739 1526 viri
757 1475 791 1526 ab
805 1476 894 1526 ‘amico
908 1482 955 1524 est
1008 1483 1009 1492 ¹

164 1540 272 1604 Estote,
280 1541 379 1606 inquit,
389 1541 461 1592 sicut
472 1555 537 1608 ego,
548 1541 612 1608 quia
622 1547 650 1592 et
660 1555 723 1608 ego,
733 1541 806 1594 sicut
815 1557 874 1594 vos.
885 1539 954 1603 (Gai
1008 1585 1009 1588 ,

164 1609 191 1670 4,
203 1609 257 1670 12.)
286 1607 330 1658 lta
340 1614 420 1658 erunt
429 1608 459 1658 in
468 1609 560 1658 anima
569 1609 631 1658 viva
641 1607 738 1658 bestias
748 1610 877 1660 bonae'in
886 1622 953 1658 man·
1008 1625 1009 1636 ¹

164 1675 311 1726 suetudine
324 1676 451 1726 actionis.
486 1673 626 1725 Mandasti
639 1673 712 1726 enim
723 1674 830 1726 dicens:
848 1675 877 1724 in
885 1689 946 1724 man
1008 1677 1009 1680 ’

67 1744 72 1761 ’
165 1741 312 1795 suetudine
326 1741 596 1808 opera-suaperlice,
612 1747 641 1790 et
649 1741 684 1792 ab
694 1741 769 1794 omni
779 1739 888 1792 homine
898 1739 957 1790 dili·

186 1810 249 1858 eris.
264 1807 399 1870 (simod,
409 1807 463 1871 19.)
496 1807 534 1858 Et
538 1823 640 1874 pecore
651 1808 737 1870 bona,
750 1822 785 1860 ne
805 1811 840 1858 ue
853 1806 878 1858 si
886 1820 958 1872 man·
1008 1815 1009 1818 ’

165 1823 957 1942 dotaverint,abundantie,nequeeiuouusauiucaverint,
1008 1915 1009 1938 p

166 1939 289 2008 egenti'a3
307 1948 337 1991 et
349 1949 481 2007 serpentes
496 1941 576 2004 boni,
591 1956 646 1992 non
655 1939 806 2006 perniciosi
816 1940 851 1990 ad
859 1953 957 1991 nocen-
1008 1963 1009 1968 =

165 2005 241 2068 dum,
257 2007 307 2058 sed
317 2007 401 2057 ostats'
409 2009 446 2060 ad
457 2007 620 2069 cavendum,
631 2013 659 2058 et
668 2012 774 2058 tantum
784 2007 957 2074 explorantes
1008 2017 1009 2020 ’

165 2073 346 2137 temporalem
364 2080 502 2137 naturam,
523 2080 652 2141 quantum
670 2074 784 2136 sufficit,
804 2080 836 2124 ut
853 2087 902 2140 per
914 2085 957 2134 ea,

185 2153 236 2189 uae
255 2138 330 2189 iacta
349 2146 425 2202 sunt,
444 2141 587 2192 intellecta
602 2141 789 2204 conspiciatur
801 2139 956 2190 aeternitas.
1008 2163 1009 2212 p

166 2155 295 2258 {seviunt
307 2206 379 2256 enim
389 2208 490 2257 rationi
500 2206 570 2257 haec
579 2205 720 2268 animalia,
734 2221 822 2260 cuma
833 2219 956 2273 progres-
1008 2221 1009 2256 ῑ

116 2283 119 2289 ·
165 2291 199 2326 su
207 2272 353 2324 mortifero
364 2270 591 2340 cohibitorisunt
602 2279 629 2324 et
638 2274 712 2325 bona
722 2279 794 2324 sunt.
1008 2273 1009 2278 ’

143 2347 149 2355 “
215 2339 244 2391 C.
258 2339 345 2391 XXll.
380 2340 453 2391 Ecce
462 2342 543 2402 enim,
553 2339 672 2390 Domine
681 2339 759 2390 Deus
769 2343 874 2400 noster,
884 2352 956 2388 crea-
1008 2359 1009 2380 1

163 2412 211 2456 tor
232 2413 340 2469 noster,
363 2422 425 2458 cum
447 2405 585 2458 cohibitae
607 2405 711 2457 fuerint
733 2404 905 2458 adiectiones
922 2403 956 2454 ab
1008 2427 1009 2454 r

165 2485 258 2522 amore
269 2473 388 2536 saeculi,
402 2474 500 2540 quibus
509 2473 695 2523 moriebamur
704 2473 776 2524 male
787 2471 915 2532 vivendo,
928 2476 956 2520 et
1008 2471 1009 2480 ’

164 2541 289 2601 coeperit
308 2555 370 2592 esse
389 2538 584 2605 animantem
602 2538 820 2601 benevivendo,
841 2536 956 2602 comple·

164 2607 276 2668 tumque
295 2603 381 2657 fuerit
398 2604 510 2667 verbum
529 2611 618 2668 tuoni,
642 2605 716 2672 quod
735 2621 785 2674 pes·
803 2603 956 2672 apostolum
