2050 2925
186 94 524 191 ⁴coururs'srouoos·
539 122 733 190 uraraix.
820 140 868 192 ro
885 209 898 216 ἐ

75 237 140 289 teris
154 236 299 289 horrendis
316 244 345 289 et
360 238 484 289 funereis
498 238 530 289 in
546 252 618 305 aqua
629 244 725 291 saneta
733 240 884 305 ignovisti
959 268 961 271 ·

74 304 242 358 &remisisti
250 302 335 355 mihii
695 329 701 351 s

83 415 89 423 s
121 370 151 421 c,
164 370 210 421 111.
244 371 440 423 Macerahatnr
452 370 632 423 anxietudine
641 369 823 425 verecundus
834 375 869 426 da

71 437 126 487 isto
139 443 237 489 nostro
250 438 338 499 hono,
357 438 433 503 quod
445 444 560 504 propter
569 440 680 491 vincula
693 456 755 501 sua,
770 440 869 506 quihus
891 502 894 509 ι

71 506 247 557 tenacissime
256 505 416 565 tenebatur,
426 505 520 557 deseri
528 518 559 555 se
569 510 667 557 nostro
678 509 821 558 consortio
831 508 869 559 vi-

72 568 167 633 debat,
185 571 308 622 nondum
325 568 498 623 christianus
518 572 637 638 coniuge
656 572 745 636 fidelii
763 588 798 625 ea
809 575 872 641 ipsa

71 640 163 688 tamon
183 637 305 689 arctiore
324 651 391 703 prae
410 639 530 690 caeteris
554 638 687 703 compede
704 640 738 690 ah
758 640 870 701 itinere,
904 690 909 695 .

71 704 146 768 quod
158 703 417 771 adgressionem,
430 704 633 756 retardabatur.
668 704 727 757 Nec
737 704 871 757 Christia-

69 785 137 821 num
149 784 214 821 esse
224 770 280 836 alio
290 770 374 821 modo
384 784 415 821 se
424 771 497 822 veile
507 770 631 833 dicebat,
645 787 726 838 quam
735 773 799 834 illo,
814 786 869 839 quo

70 849 127 887 non
138 842 260 905 poterat.
292 836 419 903 Benigne
429 852 496 889 sane
510 838 625 899 obtulit,
639 844 669 889 ut
681 854 762 905 quam
773 840 821 890 diu
830 840 871 889 ihi

71 915 211 966 essemus,
228 905 259 954 in
271 917 337 955 rure
348 900 406 970 [re]
427 905 487 955 eius
501 918 635 955 essemus.
655 905 804 956 Retribues
816 906 870 967 ilii,

68 967 204 1032 Domine,
218 970 248 1021 in
258 972 466 1022 resurrectione
475 971 627 1032 iustorum,
641 973 706 1035 quia
718 972 772 1021 iam
783 970 888 1038 ipsam‘

70 1044 178 1089 sonem
188 1038 345 1089 retribuisti
354 1037 391 1087 ei.
427 1036 558 1097 Quamvis
569 1037 642 1096 enim
652 1038 813 1087 absentibus
823 1051 872 1087 no·

69 1103 114 1154 his
126 1118 192 1154 cum
202 1103 307 1154 Romae
320 1104 376 1153 iam
389 1116 528 1169 essemus,
542 1103 683 1168 corporali
696 1103 872 1169 aegritudine

70 1175 231 1248 correptas,
250 1171 317 1220 etin
333 1182 368 1219 es
381 1166 555 1219 Christianus
570 1174 598 1219 et
610 1168 702 1220 tidelis
716 1169 819 1231 iactus,
837 1184 873 1221 ex

69 1232 122 1287 hae
139 1242 199 1287 urta
213 1236 369 1302 emigravit:
389 1235 431 1295 ita
441 1236 572 1287 misertus
586 1249 616 1287 es
629 1251 685 1286 noo
698 1236 789 1286 solum
802 1238 872 1298 eius,

69 1303 122 1353 sed
140 1304 226 1353 etiam
242 1305 345 1365 nostri,
362 1317 397 1353 ne
413 1304 570 1370 cogitantes
584 1304 726 1369 egregiam
740 1317 872 1370 erganos

68 1371 156 1421 amici
167 1367 377 1431 humanitatem,
390 1383 442 1420 nse
455 1372 560 1421 eumin
573 1383 660 1437 grege
670 1376 719 1421 tuo
729 1384 873 1421 numerari·
933 1406 938 1412 .

68 1440 128 1500 tes,
149 1435 248 1490 dolore
266 1436 439 1489 intolerabili
453 1436 648 1489 cruciaremur.
685 1436 795 1488 Gratias
805 1435 873 1499 tihi,
901 1449 909 1453 ·

68 1500 150 1556 Deus
160 1509 268 1554 noster:
283 1506 325 1554 tui
335 1519 442 1565 sumus3
451 1501 575 1562 indicant
585 1502 758 1554 hortationes
770 1509 798 1554 et
808 1518 872 1561 eou-

68 1568 574 1635 soiationestnae‚iideiispromissor.
592 1568 873 1620 ReddesVerecundo

67 1651 122 1704 pro
132 1649 199 1686 rure
208 1635 259 1686 illo
270 1637 330 1686 eius
340 1635 514 1696 Cassieiaco,
525 1636 572 1684 ubi
582 1636 616 1686 ab
627 1640 706 1684 aestu
717 1635 822 1686 saeculi
831 1649 874 1686 re·

69 1703 229 1771 quievimus
247 1702 277 1752 in
295 1707 337 1763 te,
357 1702 554 1751 amoenitatem
572 1701 740 1767 sempiternis
758 1701 874 1750 virentis
892 1745 897 1752 .

69 1768 198 1838 paradisi
209 1769 266 1830 tui,
279 1767 410 1834 quoniam
423 1765 557 1817 dimisisti
565 1769 593 1817 ei
602 1772 717 1833 peccata
727 1778 810 1832 super
819 1771 874 1817 ter-

31 1884 35 1888 .
70 1851 145 1898 ram,
164 1836 194 1886 in
203 1841 298 1886 monte
311 1834 469 1896 incaseato,
486 1839 581 1885 amate
594 1840 657 1895 tuo,
676 1839 771 1884 monte
784 1833 873 1884 uberi.
940 1840 944 1846 ’

69 1903 235 1970 Augebatur
245 1916 314 1968 ergo
323 1907 390 1952 tunc
399 1903 469 1967 ipae,
479 1898 629 1952 Nebridius
638 1905 731 1952 autem
742 1899 873 1951 collaeta-

69 1969 164 2020 batur.
198 1968 331 2029 Quamvis
340 1969 413 2018 anim
423 1969 521 2034 etipse
532 1968 653 2019 nondum
665 1963 836 2018 Christianus
845 1967 874 2018 in

69 2035 151 2087 iilam
166 2033 277 2088 foveam
296 2033 528 2101 perniciosissimi
548 2037 651 2102 erroris
672 2033 822 2096 inciderat,
843 2039 875 2085 ut

70 2102 201 2154 veritatis
214 2102 268 2154 tilii
279 2102 322 2154 tui
335 2116 447 2154 carnem
455 2099 619 2168 phantasma
627 2100 767 2164 crederet,
780 2105 874 2152 tameo

68 2169 140 2220 inde
155 2182 300 2236 emergens
314 2171 356 2220 sic
369 2169 423 2220 sihi
437 2173 509 2231 erat,
523 2169 645 2221 nondum
656 2168 721 2220 ullis
730 2167 873 2219 ecclesiae

70 2242 141 2287 tuae
154 2236 334 2287 sacramentis
343 2235 479 2298 imbutus,
492 2235 543 2286 sed
552 2237 701 2305 inquisitor
711 2235 873 2286 ardentissi-

71 2317 136 2354 mns
148 2300 285 2353 veritatis.
309 2300 409 2362 Quem
421 2317 478 2352 non
489 2302 578 2356 multo
588 2310 652 2370 post
662 2303 874 2354 conversionem
959 2309 964 2313 ·

71 2374 201 2420 nonnam
223 2374 253 2418 et
264 2363 518 2434 ‘regenerationem
535 2383 585 2435 per
603 2369 769 2436 baptismum
786 2371 875 2426 tuum,

71 2437 168 2504 ipsum
188 2436 273 2485 etiam
291 2434 402 2486 iidsiem
420 2432 589 2486 catholicum
606 2437 735 2486 casumte
749 2429 876 2499 perfecta

72 2509 161 2567 atque
170 2502 399 2554 continentiatihi
406 2500 572 2552 servientem
579 2503 609 2552 in
616 2499 789 2565 hiricaapud
798 2503 875 2559 suos,

74 2583 142 2619 cum
153 2572 215 2618 tota
228 2567 326 2619 domus
338 2569 398 2618 eins
411 2580 462 2634 par
470 2580 534 2618 eum
541 2565 698 2625 Christiana
706 2565 782 2616 iacta
790 2569 876 2626 esset,

74 2637 163 2686 caros
182 2634 305 2697 solvisti3
324 2640 352 2686 et
370 2649 443 2687 nune
460 2633 510 2686 iile
530 2635 599 2688 risit
614 2637 644 2686 in
655 2635 718 2685 sinu
729 2629 876 2683 Abraham.

110 2709 244 2753 Annon.
261 2708 408 2755 cosrm.
646 2699 672 2750 K
