<?xml version="1.0" encoding="UTF-8"?>
<!DOCTYPE html PUBLIC "-//W3C//DTD XHTML 1.0 Transitional//EN"
    "http://www.w3.org/TR/xhtml1/DTD/xhtml1-transitional.dtd">
<html xmlns="http://www.w3.org/1999/xhtml" xml:lang="en" lang="en">
 <head>
  <title>
</title>
<meta http-equiv="Content-Type" content="text/html;charset=utf-8" />
  <meta name='ocr-system' content='tesseract 3.04.00' />
  <meta name='ocr-capabilities' content='ocr_page ocr_carea ocr_par ocr_line ocrx_word'/>
</head>
<body>
  <div class='ocr_page' id='page_1' title='image "./saureliiaugusti00brudgoog_0244.png"; bbox 0 0 2050 2925; ppageno 0'>
   <div class='ocr_carea' id='block_1_1' title="bbox 160 137 760 197">
    <p class='ocr_par' dir='ltr' id='par_1_1' title="bbox 160 137 760 197">
     <span class='ocr_line' id='line_1_1' title="bbox 160 137 760 197; baseline -0.007 0"><span class='ocrx_word' id='word_1_1' title='bbox 160 146 211 197; x_wconf 77' lang='lat' dir='ltr'><strong>rit</strong></span> <span class='ocrx_word' id='word_1_2' title='bbox 359 140 526 197; x_wconf 77' lang='lat' dir='ltr'><strong>sonum</strong></span> <span class='ocrx_word' id='word_1_3' title='bbox 540 137 760 195; x_wconf 68' lang='lat' dir='ltr'><strong>incusum</strong></span> 
     </span>
    </p>
   </div>
   <div class='ocr_carea' id='block_1_2' title="bbox 75 238 1013 2724">
    <p class='ocr_par' dir='ltr' id='par_1_2' title="bbox 75 238 1013 2724">
     <span class='ocr_line' id='line_1_2' title="bbox 159 238 1009 323; baseline -0.006 -24"><span class='ocrx_word' id='word_1_4' title='bbox 159 259 209 300; x_wconf 83' lang='lat' dir='ltr'><strong>eor</strong></span> <span class='ocrx_word' id='word_1_5' title='bbox 217 244 350 309; x_wconf 75' lang='lat' dir='ltr'><strong>luminis,</strong></span> <span class='ocrx_word' id='word_1_6' title='bbox 358 251 390 297; x_wconf 87' lang='lat' dir='ltr'><strong>nt</strong></span> <span class='ocrx_word' id='word_1_7' title='bbox 400 252 458 298; x_wconf 88' lang='lat' dir='ltr'><strong>stet</strong></span> <span class='ocrx_word' id='word_1_8' title='bbox 466 251 495 295; x_wconf 89' lang='lat' dir='ltr'><strong>et</strong></span> <span class='ocrx_word' id='word_1_9' title='bbox 503 242 609 305; x_wconf 84' lang='lat' dir='ltr'><strong>vident,</strong></span> <span class='ocrx_word' id='word_1_10' title='bbox 624 256 678 310; x_wconf 85' lang='lat' dir='ltr'><strong>quo</strong></span> <span class='ocrx_word' id='word_1_11' title='bbox 690 241 773 295; x_wconf 87' lang='lat' dir='ltr'><strong>modo</strong></span> <span class='ocrx_word' id='word_1_12' title='bbox 784 246 861 295; x_wconf 84' lang='lat' dir='ltr'><strong>stans</strong></span> <span class='ocrx_word' id='word_1_13' title='bbox 871 238 966 295; x_wconf 82' lang='lat' dir='ltr'><strong>dictet</strong></span> <span class='ocrx_word' id='word_1_14' title='bbox 1008 287 1009 323; x_wconf 27' lang='grc'>1</span> 
     </span>
     <span class='ocr_line' id='line_1_3' title="bbox 158 308 964 379; baseline -0.007 -14"><span class='ocrx_word' id='word_1_15' title='bbox 158 314 253 367; x_wconf 76' lang='lat' dir='ltr'><strong>futura</strong></span> <span class='ocrx_word' id='word_1_16' title='bbox 261 320 290 364; x_wconf 91' lang='lat' dir='ltr'><strong>et</strong></span> <span class='ocrx_word' id='word_1_17' title='bbox 299 312 453 379; x_wconf 73' lang='lat' dir='ltr'><strong>praeterita</strong></span> <span class='ocrx_word' id='word_1_18' title='bbox 461 318 600 377; x_wconf 83' lang='lat' dir='ltr'><strong>tempora,</strong></span> <span class='ocrx_word' id='word_1_19' title='bbox 611 325 663 361; x_wconf 84' lang='lat' dir='ltr'><strong>nec</strong></span> <span class='ocrx_word' id='word_1_20' title='bbox 673 308 766 361; x_wconf 80' lang='lat' dir='ltr'><strong>futura</strong></span> <span class='ocrx_word' id='word_1_21' title='bbox 775 322 826 361; x_wconf 82' lang='lat' dir='ltr'><strong>neo</strong></span> <span class='ocrx_word' id='word_1_22' title='bbox 836 316 964 375; x_wconf 78' lang='lat' dir='ltr'><strong>praeter·</strong></span> 
     </span>
     <span class='ocr_line' id='line_1_4' title="bbox 159 374 965 445; baseline -0.007 -12"><span class='ocrx_word' id='word_1_23' title='bbox 159 383 201 433; x_wconf 87' lang='lat' dir='ltr'><strong>ita</strong></span> <span class='ocrx_word' id='word_1_24' title='bbox 213 380 380 433; x_wconf 72' lang='lat' dir='ltr'><strong>aeternitasi</strong></span> <span class='ocrx_word' id='word_1_25' title='bbox 397 378 537 445; x_wconf 83' lang='lat' dir='ltr'><strong>Numquid</strong></span> <span class='ocrx_word' id='word_1_26' title='bbox 550 392 647 429; x_wconf 80' lang='lat' dir='ltr'><strong>mnu-us</strong></span> <span class='ocrx_word' id='word_1_27' title='bbox 662 390 726 428; x_wconf 79' lang='lat' dir='ltr'><strong>ntea</strong></span> <span class='ocrx_word' id='word_1_28' title='bbox 736 374 892 438; x_wconf 77' lang='lat' dir='ltr'><strong>ualethoo,</strong></span> <span class='ocrx_word' id='word_1_29' title='bbox 916 383 965 427; x_wconf 88' lang='lat' dir='ltr'><strong>aut</strong></span> 
     </span>
     <span class='ocr_line' id='line_1_5' title="bbox 158 442 956 513; baseline -0.009 -13"><span class='ocrx_word' id='word_1_30' title='bbox 158 464 255 500; x_wconf 88' lang='lat' dir='ltr'><strong>manus</strong></span> <span class='ocrx_word' id='word_1_31' title='bbox 268 447 325 498; x_wconf 88' lang='lat' dir='ltr'><strong>oris</strong></span> <span class='ocrx_word' id='word_1_32' title='bbox 335 447 391 498; x_wconf 88' lang='lat' dir='ltr'><strong>mei</strong></span> <span class='ocrx_word' id='word_1_33' title='bbox 401 461 451 513; x_wconf 80' lang='lat' dir='ltr'><strong>per</strong></span> <span class='ocrx_word' id='word_1_34' title='bbox 459 444 588 510; x_wconf 86' lang='lat' dir='ltr'><strong>loquelas</strong></span> <span class='ocrx_word' id='word_1_35' title='bbox 596 445 658 510; x_wconf 79' lang='lat' dir='ltr'><strong>agit</strong></span> <span class='ocrx_word' id='word_1_36' title='bbox 667 450 723 495; x_wconf 84' lang='lat' dir='ltr'><strong>tam</strong></span> <span class='ocrx_word' id='word_1_37' title='bbox 733 442 867 511; x_wconf 77' lang='lat' dir='ltr'><strong>grandem</strong></span> <span class='ocrx_word' id='word_1_38' title='bbox 878 443 956 494; x_wconf 76' lang='lat' dir='ltr'><strong>remi</strong></span> 
     </span>
     <span class='ocr_line' id='line_1_6' title="bbox 110 508 966 578; baseline -0.006 -13"><span class='ocrx_word' id='word_1_39' title='bbox 110 558 116 565; x_wconf 87' lang='lat'><strong><em>.</em></strong></span> <span class='ocrx_word' id='word_1_40' title='bbox 211 516 241 567; x_wconf 81' lang='lat'><strong>0.</strong></span> <span class='ocrx_word' id='word_1_41' title='bbox 255 514 315 567; x_wconf 79' lang='grc' dir='ltr'><strong>ΧΠ.</strong></span> <span class='ocrx_word' id='word_1_42' title='bbox 349 514 426 565; x_wconf 81' lang='lat' dir='ltr'><strong>ane</strong></span> <span class='ocrx_word' id='word_1_43' title='bbox 441 510 599 578; x_wconf 74' lang='lat' dir='ltr'>respondeo</span> <span class='ocrx_word' id='word_1_44' title='bbox 617 510 736 563; x_wconf 69' lang='lat' dir='ltr'><strong>dicentis</strong></span> <span class='ocrx_word' id='word_1_45' title='bbox 755 510 821 577; x_wconf 88' lang='lat' dir='ltr'><strong>quid</strong></span> <span class='ocrx_word' id='word_1_46' title='bbox 837 508 966 561; x_wconf 80' lang='lat' dir='ltr'><strong>iaciebat</strong></span> 
     </span>
     <span class='ocr_line' id='line_1_7' title="bbox 159 576 964 647; baseline -0.007 -14"><span class='ocrx_word' id='word_1_47' title='bbox 159 582 250 644; x_wconf 83' lang='lat' dir='ltr'><strong>Dens,</strong></span> <span class='ocrx_word' id='word_1_48' title='bbox 260 586 324 632; x_wconf 92' lang='lat' dir='ltr'><strong>ante</strong></span> <span class='ocrx_word' id='word_1_49' title='bbox 335 596 415 647; x_wconf 86' lang='lat' dir='ltr'><strong>qnam</strong></span> <span class='ocrx_word' id='word_1_50' title='bbox 426 578 534 629; x_wconf 71' lang='lat' dir='ltr'><strong>iaceret</strong></span> <span class='ocrx_word' id='word_1_51' title='bbox 544 577 655 630; x_wconf 82' lang='lat' dir='ltr'><strong>eoelum</strong></span> <span class='ocrx_word' id='word_1_52' title='bbox 665 584 694 629; x_wconf 89' lang='lat' dir='ltr'><strong>et</strong></span> <span class='ocrx_word' id='word_1_53' title='bbox 701 576 819 629; x_wconf 71' lang='lat' dir='ltr'><strong>terram!</strong></span> <span class='ocrx_word' id='word_1_54' title='bbox 838 576 964 643; x_wconf 77' lang='lat' dir='ltr'><strong>Respon-</strong></span> 
     </span>
     <span class='ocr_line' id='line_1_8' title="bbox 160 642 964 711; baseline -0.01 -10"><span class='ocrx_word' id='word_1_55' title='bbox 160 650 214 701; x_wconf 86' lang='lat' dir='ltr'><strong>deo</strong></span> <span class='ocrx_word' id='word_1_56' title='bbox 228 664 284 699; x_wconf 90' lang='lat' dir='ltr'><strong>non</strong></span> <span class='ocrx_word' id='word_1_57' title='bbox 296 646 379 708; x_wconf 88' lang='lat' dir='ltr'><strong>iliud,</strong></span> <span class='ocrx_word' id='word_1_58' title='bbox 393 645 594 711; x_wconf 84' lang='lat' dir='ltr'><strong>quodquidam</strong></span> <span class='ocrx_word' id='word_1_59' title='bbox 605 644 785 711; x_wconf 67' lang='lat' dir='ltr'><strong>respondisse</strong></span> <span class='ocrx_word' id='word_1_60' title='bbox 797 642 964 711; x_wconf 76' lang='lat' dir='ltr'>perhibetur</span> 
     </span>
     <span class='ocr_line' id='line_1_9' title="bbox 86 710 963 778; baseline -0.005 -13"><span class='ocrx_word' id='word_1_61' title='bbox 86 725 96 736; x_wconf 86' lang='lat'><strong>··</strong></span> <span class='ocrx_word' id='word_1_62' title='bbox 160 714 324 767; x_wconf 84' lang='lat' dir='ltr'><strong>ioculariter</strong></span> <span class='ocrx_word' id='word_1_63' title='bbox 343 713 462 763; x_wconf 88' lang='lat' dir='ltr'><strong>eludens</strong></span> <span class='ocrx_word' id='word_1_64' title='bbox 483 712 657 778; x_wconf 76' lang='lat' dir='ltr'><strong>quaestionis</strong></span> <span class='ocrx_word' id='word_1_65' title='bbox 678 712 853 763; x_wconf 73' lang='lat' dir='ltr'><strong>uiolentiam:</strong></span> <span class='ocrx_word' id='word_1_66' title='bbox 870 710 963 773; x_wconf 71' lang='lat' dir='ltr'><strong>„Alta</strong></span> 
     </span>
     <span class='ocr_line' id='line_1_10' title="bbox 159 777 966 846; baseline -0.01 -12"><span class='ocrx_word' id='word_1_67' title='bbox 159 784 189 833; x_wconf 92' lang='lat' dir='ltr'><strong>in</strong></span> <span class='ocrx_word' id='word_1_68' title='bbox 209 784 261 843; x_wconf 87' lang='lat' dir='ltr'><strong>uit,</strong></span> <span class='ocrx_word' id='word_1_69' title='bbox 280 780 468 831; x_wconf 74' lang='lat' dir='ltr'>scrutantibus</span> <span class='ocrx_word' id='word_1_70' title='bbox 486 777 628 845; x_wconf 79' lang='lat' dir='ltr'>gehennas</span> <span class='ocrx_word' id='word_1_71' title='bbox 648 778 791 846; x_wconf 80' lang='lat' dir='ltr'><strong>parabat.“</strong></span> <span class='ocrx_word' id='word_1_72' title='bbox 824 778 910 829; x_wconf 79' lang='lat' dir='ltr'><strong>aliud</strong></span> <span class='ocrx_word' id='word_1_73' title='bbox 923 784 966 827; x_wconf 81' lang='lat' dir='ltr'><strong>est</strong></span> 
     </span>
     <span class='ocr_line' id='line_1_11' title="bbox 180 842 1011 912; baseline -0.006 -13"><span class='ocrx_word' id='word_1_74' title='bbox 180 846 466 909; x_wconf 81' lang='lat' dir='ltr'><strong>‘ere,aiiudridesa.</strong></span> <span class='ocrx_word' id='word_1_75' title='bbox 500 844 824 912; x_wconf 72' lang='lat' dir='ltr'><strong>Hnoononresqondeu.</strong></span> <span class='ocrx_word' id='word_1_76' title='bbox 861 842 964 895; x_wconf 78' lang='lat' dir='ltr'><strong>Liben-</strong></span> <span class='ocrx_word' id='word_1_77' title='bbox 1010 873 1011 901; x_wconf 46' lang='lat' dir='ltr'><strong>n</strong></span> 
     </span>
     <span class='ocr_line' id='line_1_12' title="bbox 161 912 965 980; baseline -0.006 -13"><span class='ocrx_word' id='word_1_78' title='bbox 161 914 302 970; x_wconf 87' lang='lat' dir='ltr'><strong>tiuseuim</strong></span> <span class='ocrx_word' id='word_1_79' title='bbox 320 915 527 980; x_wconf 69' lang='lat' dir='ltr'>responderim</span> <span class='ocrx_word' id='word_1_80' title='bbox 545 913 642 965; x_wconf 83' lang='lat' dir='ltr'><strong>neseio</strong></span> <span class='ocrx_word' id='word_1_81' title='bbox 662 912 738 979; x_wconf 87' lang='lat' dir='ltr'><strong>quod</strong></span> <span class='ocrx_word' id='word_1_82' title='bbox 751 912 862 975; x_wconf 85' lang='lat' dir='ltr'><strong>neseio;</strong></span> <span class='ocrx_word' id='word_1_83' title='bbox 881 926 965 977; x_wconf 87' lang='lat' dir='ltr'><strong>qnam</strong></span> 
     </span>
     <span class='ocr_line' id='line_1_13' title="bbox 161 978 964 1048; baseline -0.009 -13"><span class='ocrx_word' id='word_1_84' title='bbox 161 983 245 1045; x_wconf 85' lang='lat' dir='ltr'><strong>iilud,</strong></span> <span class='ocrx_word' id='word_1_85' title='bbox 257 981 330 1033; x_wconf 91' lang='lat' dir='ltr'><strong>unde</strong></span> <span class='ocrx_word' id='word_1_86' title='bbox 339 980 487 1045; x_wconf 86' lang='lat' dir='ltr'><strong>irridetur,</strong></span> <span class='ocrx_word' id='word_1_87' title='bbox 501 982 548 1048; x_wconf 92' lang='lat' dir='ltr'><strong>qui</strong></span> <span class='ocrx_word' id='word_1_88' title='bbox 558 980 616 1031; x_wconf 82' lang='lat' dir='ltr'><strong>sita</strong></span> <span class='ocrx_word' id='word_1_89' title='bbox 625 980 821 1046; x_wconf 81' lang='lat' dir='ltr'><strong>interrogavit,</strong></span> <span class='ocrx_word' id='word_1_90' title='bbox 831 978 964 1029; x_wconf 82' lang='lat' dir='ltr'><strong>etlauda·</strong></span> 
     </span>
     <span class='ocr_line' id='line_1_14' title="bbox 161 1044 965 1117; baseline -0.006 -16"><span class='ocrx_word' id='word_1_91' title='bbox 161 1056 222 1113; x_wconf 88' lang='lat' dir='ltr'><strong>tur‚</strong></span> <span class='ocrx_word' id='word_1_92' title='bbox 236 1050 284 1117; x_wconf 90' lang='lat' dir='ltr'><strong>qui</strong></span> <span class='ocrx_word' id='word_1_93' title='bbox 295 1048 369 1101; x_wconf 83' lang='lat' dir='ltr'><strong>falsa</strong></span> <span class='ocrx_word' id='word_1_94' title='bbox 379 1049 534 1117; x_wconf 75' lang='lat' dir='ltr'><strong>respondit.</strong></span> <span class='ocrx_word' id='word_1_95' title='bbox 570 1045 625 1099; x_wconf 85' lang='lat' dir='ltr'><strong>Sed</strong></span> <span class='ocrx_word' id='word_1_96' title='bbox 638 1046 702 1097; x_wconf 86' lang='lat' dir='ltr'><strong>dieu</strong></span> <span class='ocrx_word' id='word_1_97' title='bbox 715 1044 848 1107; x_wconf 72' lang='lat' dir='ltr'><strong>te‚¹Dens</strong></span> <span class='ocrx_word' id='word_1_98' title='bbox 858 1051 965 1104; x_wconf 83' lang='lat' dir='ltr'><strong>noster.</strong></span> 
     </span>
     <span class='ocr_line' id='line_1_15' title="bbox 164 1108 965 1176; baseline -0.009 -7"><span class='ocrx_word' id='word_1_99' title='bbox 164 1119 253 1169; x_wconf 83' lang='lat' dir='ltr'><strong>omnis</strong></span> <span class='ocrx_word' id='word_1_100' title='bbox 277 1124 424 1169; x_wconf 79' lang='lat' dir='ltr'><strong>creaturae</strong></span> <span class='ocrx_word' id='word_1_101' title='bbox 448 1122 616 1176; x_wconf 69' lang='lat' dir='ltr'><strong>creatorem</strong></span> <span class='ocrx_word' id='word_1_102' title='bbox 637 1118 666 1164; x_wconf 89' lang='lat' dir='ltr'><strong>et</strong></span> <span class='ocrx_word' id='word_1_103' title='bbox 687 1113 713 1165; x_wconf 87' lang='lat' dir='ltr'><strong>si</strong></span> <span class='ocrx_word' id='word_1_104' title='bbox 731 1108 806 1163; x_wconf 81' lang='lat' dir='ltr'><strong>coeli</strong></span> <span class='ocrx_word' id='word_1_105' title='bbox 824 1118 854 1163; x_wconf 87' lang='lat' dir='ltr'><strong>et</strong></span> <span class='ocrx_word' id='word_1_106' title='bbox 871 1118 965 1163; x_wconf 79' lang='lat' dir='ltr'><strong>terras</strong></span> 
     </span>
     <span class='ocr_line' id='line_1_16' title="bbox 162 1167 1012 1251; baseline -0.007 -16"><span class='ocrx_word' id='word_1_107' title='bbox 162 1186 274 1251; x_wconf 75' lang='lat' dir='ltr'><strong>nomine</strong></span> <span class='ocrx_word' id='word_1_108' title='bbox 294 1185 383 1235; x_wconf 71' lang='lat' dir='ltr'><strong>ononis</strong></span> <span class='ocrx_word' id='word_1_109' title='bbox 401 1181 722 1249; x_wconf 82' lang='lat' dir='ltr'><strong>ereaturainteiiigitur,</strong></span> <span class='ocrx_word' id='word_1_110' title='bbox 737 1180 875 1231; x_wconf 85' lang='lat' dir='ltr'><strong>audenter</strong></span> <span class='ocrx_word' id='word_1_111' title='bbox 885 1179 965 1231; x_wconf 81' lang='lat' dir='ltr'><strong>dieo:</strong></span> <span class='ocrx_word' id='word_1_112' title='bbox 1011 1167 1012 1221; x_wconf 65' lang='lat' dir='ltr'><strong>i</strong></span> 
     </span>
     <span class='ocr_line' id='line_1_17' title="bbox 75 1245 965 1315; baseline -0.006 -14"><span class='ocrx_word' id='word_1_113' title='bbox 75 1270 78 1273; x_wconf 64' lang='grc'>’</span> <span class='ocrx_word' id='word_1_114' title='bbox 162 1252 233 1301; x_wconf 79' lang='lat' dir='ltr'><strong>Ante</strong></span> <span class='ocrx_word' id='word_1_115' title='bbox 243 1265 325 1315; x_wconf 89' lang='lat' dir='ltr'><strong>quam</strong></span> <span class='ocrx_word' id='word_1_116' title='bbox 334 1249 524 1300; x_wconf 79' lang='lat' dir='ltr'><strong>iaceretDeus</strong></span> <span class='ocrx_word' id='word_1_117' title='bbox 532 1248 644 1299; x_wconf 83' lang='lat' dir='ltr'><strong>eoelum</strong></span> <span class='ocrx_word' id='word_1_118' title='bbox 652 1254 683 1299; x_wconf 85' lang='lat' dir='ltr'><strong>et</strong></span> <span class='ocrx_word' id='word_1_119' title='bbox 691 1253 803 1310; x_wconf 84' lang='lat' dir='ltr'><strong>terram,</strong></span> <span class='ocrx_word' id='word_1_120' title='bbox 813 1261 871 1299; x_wconf 87' lang='lat' dir='ltr'><strong>non</strong></span> <span class='ocrx_word' id='word_1_121' title='bbox 879 1245 965 1299; x_wconf 78' lang='lat' dir='ltr'><strong>facie·</strong></span> 
     </span>
     <span class='ocr_line' id='line_1_18' title="bbox 162 1313 965 1382; baseline -0.002 -15"><span class='ocrx_word' id='word_1_122' title='bbox 162 1318 211 1367; x_wconf 78' lang='lat' dir='ltr'><strong>inat</strong></span> <span class='ocrx_word' id='word_1_123' title='bbox 220 1316 337 1381; x_wconf 86' lang='lat' dir='ltr'><strong>aliquid;</strong></span> <span class='ocrx_word' id='word_1_124' title='bbox 355 1316 379 1365; x_wconf 87' lang='lat' dir='ltr'><strong>si</strong></span> <span class='ocrx_word' id='word_1_125' title='bbox 389 1317 463 1366; x_wconf 91' lang='lat' dir='ltr'><strong>enim</strong></span> <span class='ocrx_word' id='word_1_126' title='bbox 472 1315 606 1378; x_wconf 77' lang='lat' dir='ltr'><strong>ianiabat,</strong></span> <span class='ocrx_word' id='word_1_127' title='bbox 620 1314 685 1382; x_wconf 90' lang='lat' dir='ltr'><strong>quid</strong></span> <span class='ocrx_word' id='word_1_128' title='bbox 695 1314 749 1365; x_wconf 89' lang='lat' dir='ltr'><strong>nisi</strong></span> <span class='ocrx_word' id='word_1_129' title='bbox 759 1321 917 1365; x_wconf 75' lang='lat' dir='ltr'><strong>metaturam</strong></span> <span class='ocrx_word' id='word_1_130' title='bbox 926 1313 965 1365; x_wconf 81' lang='lat' dir='ltr'><strong>ia-</strong></span> 
     </span>
     <span class='ocr_line' id='line_1_19' title="bbox 163 1380 965 1449; baseline -0.002 -16"><span class='ocrx_word' id='word_1_131' title='bbox 163 1382 271 1434; x_wconf 80' lang='lat' dir='ltr'><strong>ciebati</strong></span> <span class='ocrx_word' id='word_1_132' title='bbox 288 1381 326 1431; x_wconf 81' lang='lat' dir='ltr'><strong>Et</strong></span> <span class='ocrx_word' id='word_1_133' title='bbox 336 1382 440 1433; x_wconf 88' lang='lat' dir='ltr'><strong>utinam</strong></span> <span class='ocrx_word' id='word_1_134' title='bbox 454 1382 609 1444; x_wconf 75' lang='lat' dir='ltr'><strong>niomium,</strong></span> <span class='ocrx_word' id='word_1_135' title='bbox 624 1380 758 1449; x_wconf 86' lang='lat' dir='ltr'><strong>quidquid</strong></span> <span class='ocrx_word' id='word_1_136' title='bbox 771 1381 881 1432; x_wconf 79' lang='lat' dir='ltr'><strong>utiliter</strong></span> <span class='ocrx_word' id='word_1_137' title='bbox 891 1381 965 1433; x_wconf 82' lang='lat' dir='ltr'><strong>seire</strong></span> 
     </span>
     <span class='ocr_line' id='line_1_20' title="bbox 164 1448 1013 1518; baseline -0.001 -16"><span class='ocrx_word' id='word_1_138' title='bbox 164 1452 259 1518; x_wconf 74' lang='lat' dir='ltr'><strong>cupio,</strong></span> <span class='ocrx_word' id='word_1_139' title='bbox 270 1448 500 1517; x_wconf 78' lang='lat' dir='ltr'><strong>quemadmodum</strong></span> <span class='ocrx_word' id='word_1_140' title='bbox 509 1450 580 1512; x_wconf 84' lang='lat' dir='ltr'><strong>seio,</strong></span> <span class='ocrx_word' id='word_1_141' title='bbox 593 1450 666 1517; x_wconf 90' lang='lat' dir='ltr'><strong>quod</strong></span> <span class='ocrx_word' id='word_1_142' title='bbox 677 1449 847 1502; x_wconf 76' lang='lat' dir='ltr'><strong>nuliadebat</strong></span> <span class='ocrx_word' id='word_1_143' title='bbox 857 1454 964 1502; x_wconf 79' lang='lat' dir='ltr'><strong>creatu·</strong></span> <span class='ocrx_word' id='word_1_144' title='bbox 1012 1459 1013 1516; x_wconf 48' lang='grc' dir='ltr'><strong>ᾗ</strong></span> 
     </span>
     <span class='ocr_line' id='line_1_21' title="bbox 163 1517 1013 1580; baseline 0 -12"><span class='ocrx_word' id='word_1_145' title='bbox 163 1533 204 1580; x_wconf 88' lang='lat' dir='ltr'><strong>ra,</strong></span> <span class='ocrx_word' id='word_1_146' title='bbox 217 1525 280 1568; x_wconf 85' lang='lat' dir='ltr'><strong>ante</strong></span> <span class='ocrx_word' id='word_1_147' title='bbox 310 1532 372 1568; x_wconf 90' lang='lat' dir='ltr'><strong>uam</strong></span> <span class='ocrx_word' id='word_1_148' title='bbox 382 1517 532 1568; x_wconf 83' lang='lat' dir='ltr'><strong>tieretulla</strong></span> <span class='ocrx_word' id='word_1_149' title='bbox 541 1517 681 1568; x_wconf 79' lang='lat' dir='ltr'><strong>ereatura!</strong></span> <span class='ocrx_word' id='word_1_150' title='bbox 833 1529 834 1538; x_wconf 60' lang='lat'>¹</span> <span class='ocrx_word' id='word_1_151' title='bbox 1012 1523 1013 1526; x_wconf 78' lang='grc'>’</span> 
     </span>
     <span class='ocr_line' id='line_1_22' title="bbox 215 1533 967 1652; baseline -0.003 -16"><span class='ocrx_word' id='word_1_152' title='bbox 215 1533 329 1637; x_wconf 61' lang='lat' dir='ltr'><strong>&amp;xiil</strong></span> <span class='ocrx_word' id='word_1_153' title='bbox 363 1585 839 1651; x_wconf 76' lang='lat' dir='ltr'><strong>Atsieniusquamunlntiiissersnr</strong></span> <span class='ocrx_word' id='word_1_154' title='bbox 848 1589 967 1652; x_wconf 69' lang='lat' dir='ltr'><strong>vagatum</strong></span> 
     </span>
     <span class='ocr_line' id='line_1_23' title="bbox 164 1651 965 1722; baseline -0.004 -17"><span class='ocrx_word' id='word_1_155' title='bbox 164 1668 214 1722; x_wconf 84' lang='lat' dir='ltr'><strong>per</strong></span> <span class='ocrx_word' id='word_1_156' title='bbox 227 1654 362 1720; x_wconf 82' lang='lat' dir='ltr'><strong>imagines</strong></span> <span class='ocrx_word' id='word_1_157' title='bbox 375 1658 452 1704; x_wconf 85' lang='lat' dir='ltr'><strong>retro</strong></span> <span class='ocrx_word' id='word_1_158' title='bbox 462 1659 632 1719; x_wconf 74' lang='lat' dir='ltr'><strong>temporum,</strong></span> <span class='ocrx_word' id='word_1_159' title='bbox 644 1658 676 1702; x_wconf 90' lang='lat' dir='ltr'><strong>et</strong></span> <span class='ocrx_word' id='word_1_160' title='bbox 684 1659 726 1715; x_wconf 84' lang='lat' dir='ltr'><strong>te,</strong></span> <span class='ocrx_word' id='word_1_161' title='bbox 739 1651 832 1703; x_wconf 84' lang='lat' dir='ltr'><strong>Deum</strong></span> <span class='ocrx_word' id='word_1_162' title='bbox 842 1653 965 1718; x_wconf 77' lang='lat' dir='ltr'><strong>omnino-</strong></span> 
     </span>
     <span class='ocr_line' id='line_1_24' title="bbox 165 1719 967 1782; baseline -0.004 -10"><span class='ocrx_word' id='word_1_163' title='bbox 165 1728 270 1772; x_wconf 83' lang='lat' dir='ltr'><strong>tentem</strong></span> <span class='ocrx_word' id='word_1_164' title='bbox 289 1727 318 1772; x_wconf 90' lang='lat' dir='ltr'><strong>et</strong></span> <span class='ocrx_word' id='word_1_165' title='bbox 331 1721 547 1772; x_wconf 79' lang='lat' dir='ltr'><strong>omnicreantem</strong></span> <span class='ocrx_word' id='word_1_166' title='bbox 560 1726 589 1770; x_wconf 86' lang='lat' dir='ltr'><strong>et</strong></span> <span class='ocrx_word' id='word_1_167' title='bbox 602 1720 831 1782; x_wconf 68' lang='lat' dir='ltr'><strong>omnitenentem,</strong></span> <span class='ocrx_word' id='word_1_168' title='bbox 850 1719 926 1770; x_wconf 81' lang='lat' dir='ltr'><strong>coeli</strong></span> <span class='ocrx_word' id='word_1_169' title='bbox 937 1725 967 1768; x_wconf 76' lang='lat' dir='ltr'><strong>et</strong></span> 
     </span>
     <span class='ocr_line' id='line_1_25' title="bbox 164 1785 965 1853; baseline -0.005 -15"><span class='ocrx_word' id='word_1_170' title='bbox 164 1795 257 1838; x_wconf 83' lang='lat' dir='ltr'><strong>terrae</strong></span> <span class='ocrx_word' id='word_1_171' title='bbox 270 1787 418 1850; x_wconf 86' lang='lat' dir='ltr'><strong>artificem,</strong></span> <span class='ocrx_word' id='word_1_172' title='bbox 432 1787 467 1838; x_wconf 85' lang='lat' dir='ltr'><strong>ab</strong></span> <span class='ocrx_word' id='word_1_173' title='bbox 481 1800 566 1852; x_wconf 84' lang='lat' dir='ltr'><strong>opere</strong></span> <span class='ocrx_word' id='word_1_174' title='bbox 579 1791 671 1849; x_wconf 85' lang='lat' dir='ltr'><strong>tanto,</strong></span> <span class='ocrx_word' id='word_1_175' title='bbox 684 1793 747 1838; x_wconf 86' lang='lat' dir='ltr'><strong>ante</strong></span> <span class='ocrx_word' id='word_1_176' title='bbox 761 1801 843 1853; x_wconf 86' lang='lat' dir='ltr'><strong>quam</strong></span> <span class='ocrx_word' id='word_1_177' title='bbox 853 1785 882 1836; x_wconf 92' lang='lat' dir='ltr'><strong>id</strong></span> <span class='ocrx_word' id='word_1_178' title='bbox 891 1785 965 1838; x_wconf 80' lang='lat' dir='ltr'><strong>iace·</strong></span> 
     </span>
     <span class='ocr_line' id='line_1_26' title="bbox 165 1853 965 1936; baseline -0.001 -32"><span class='ocrx_word' id='word_1_179' title='bbox 165 1868 220 1915; x_wconf 85' lang='lat' dir='ltr'><strong>res,</strong></span> <span class='ocrx_word' id='word_1_180' title='bbox 231 1869 282 1920; x_wconf 84' lang='lat' dir='ltr'><strong>per</strong></span> <span class='ocrx_word' id='word_1_181' title='bbox 290 1853 503 1904; x_wconf 84' lang='lat' dir='ltr'><strong>innumerabilia</strong></span> <span class='ocrx_word' id='word_1_182' title='bbox 512 1854 625 1936; x_wconf 67' lang='lat' dir='ltr'><strong>saefuIa</strong></span> <span class='ocrx_word' id='word_1_183' title='bbox 634 1867 760 1906; x_wconf 74' lang='lat' dir='ltr'><strong>cessasse</strong></span> <span class='ocrx_word' id='word_1_184' title='bbox 771 1854 899 1917; x_wconf 64' lang='lat' dir='ltr'><strong>miratum</strong></span> <span class='ocrx_word' id='word_1_185' title='bbox 911 1853 965 1904; x_wconf 76' lang='lat' dir='ltr'><strong>eri·</strong></span> 
     </span>
     <span class='ocr_line' id='line_1_27' title="bbox 165 1919 965 1988; baseline -0.004 -18"><span class='ocrx_word' id='word_1_186' title='bbox 165 1921 236 1988; x_wconf 80' lang='lat' dir='ltr'><strong>gilot</strong></span> <span class='ocrx_word' id='word_1_187' title='bbox 247 1927 331 1988; x_wconf 85' lang='lat' dir='ltr'><strong>atque</strong></span> <span class='ocrx_word' id='word_1_188' title='bbox 341 1921 486 1983; x_wconf 85' lang='lat' dir='ltr'><strong>adtendat,</strong></span> <span class='ocrx_word' id='word_1_189' title='bbox 498 1923 564 1988; x_wconf 82' lang='lat' dir='ltr'><strong>quia</strong></span> <span class='ocrx_word' id='word_1_190' title='bbox 573 1919 645 1972; x_wconf 82' lang='lat' dir='ltr'><strong>falsa</strong></span> <span class='ocrx_word' id='word_1_191' title='bbox 653 1922 777 1972; x_wconf 86' lang='lat' dir='ltr'><strong>miratur.</strong></span> <span class='ocrx_word' id='word_1_192' title='bbox 812 1919 882 1972; x_wconf 87' lang='lat' dir='ltr'><strong>Nam</strong></span> <span class='ocrx_word' id='word_1_193' title='bbox 892 1919 965 1970; x_wconf 79' lang='lat' dir='ltr'><strong>unde</strong></span> 
     </span>
     <span class='ocr_line' id='line_1_28' title="bbox 163 1988 965 2054; baseline 0 -18"><span class='ocrx_word' id='word_1_194' title='bbox 163 1993 295 2053; x_wconf 84' lang='lat' dir='ltr'><strong>poterant</strong></span> <span class='ocrx_word' id='word_1_195' title='bbox 303 1988 517 2039; x_wconf 82' lang='lat' dir='ltr'><strong>innumerabilia</strong></span> <span class='ocrx_word' id='word_1_196' title='bbox 527 1988 639 2040; x_wconf 76' lang='lat' dir='ltr'><strong>saecula</strong></span> <span class='ocrx_word' id='word_1_197' title='bbox 647 1988 812 2054; x_wconf 83' lang='lat' dir='ltr'><strong>praeterire,</strong></span> <span class='ocrx_word' id='word_1_198' title='bbox 823 2001 895 2054; x_wconf 87' lang='lat' dir='ltr'><strong>quae</strong></span> <span class='ocrx_word' id='word_1_199' title='bbox 904 1988 965 2054; x_wconf 81' lang='lat' dir='ltr'><strong>ipse</strong></span> 
     </span>
     <span class='ocr_line' id='line_1_29' title="bbox 163 2052 965 2117; baseline -0.001 -13"><span class='ocrx_word' id='word_1_200' title='bbox 163 2068 220 2104; x_wconf 92' lang='lat' dir='ltr'><strong>non</strong></span> <span class='ocrx_word' id='word_1_201' title='bbox 233 2052 354 2117; x_wconf 85' lang='lat' dir='ltr'><strong>ieceras,</strong></span> <span class='ocrx_word' id='word_1_202' title='bbox 372 2071 435 2106; x_wconf 85' lang='lat' dir='ltr'><strong>eum</strong></span> <span class='ocrx_word' id='word_1_203' title='bbox 448 2055 488 2106; x_wconf 85' lang='lat' dir='ltr'><strong>sis</strong></span> <span class='ocrx_word' id='word_1_204' title='bbox 503 2057 623 2106; x_wconf 88' lang='lat' dir='ltr'><strong>omnium</strong></span> <span class='ocrx_word' id='word_1_205' title='bbox 636 2055 812 2108; x_wconf 78' lang='lat' dir='ltr'><strong>saeculorum</strong></span> <span class='ocrx_word' id='word_1_206' title='bbox 825 2059 925 2106; x_wconf 81' lang='lat' dir='ltr'><strong>auctor</strong></span> <span class='ocrx_word' id='word_1_207' title='bbox 938 2061 965 2104; x_wconf 82' lang='lat' dir='ltr'><strong>et</strong></span> 
     </span>
     <span class='ocr_line' id='line_1_30' title="bbox 165 2119 966 2189; baseline -0.001 -18"><span class='ocrx_word' id='word_1_208' title='bbox 165 2119 309 2185; x_wconf 77' lang='lat' dir='ltr'><strong>conditori</strong></span> <span class='ocrx_word' id='word_1_209' title='bbox 326 2122 379 2171; x_wconf 81' lang='lat' dir='ltr'><strong>Aut</strong></span> <span class='ocrx_word' id='word_1_210' title='bbox 398 2135 469 2188; x_wconf 80' lang='lat' dir='ltr'><strong>quae</strong></span> <span class='ocrx_word' id='word_1_211' title='bbox 487 2127 614 2188; x_wconf 86' lang='lat' dir='ltr'><strong>tempora</strong></span> <span class='ocrx_word' id='word_1_212' title='bbox 632 2122 764 2184; x_wconf 84' lang='lat' dir='ltr'><strong>inissent,</strong></span> <span class='ocrx_word' id='word_1_213' title='bbox 784 2135 855 2189; x_wconf 89' lang='lat' dir='ltr'><strong>quae</strong></span> <span class='ocrx_word' id='word_1_214' title='bbox 873 2122 925 2172; x_wconf 87' lang='lat' dir='ltr'><strong>abs</strong></span> <span class='ocrx_word' id='word_1_215' title='bbox 937 2128 966 2170; x_wconf 84' lang='lat' dir='ltr'><strong>te</strong></span> 
     </span>
     <span class='ocr_line' id='line_1_31' title="bbox 166 2185 965 2257; baseline 0.003 -21"><span class='ocrx_word' id='word_1_216' title='bbox 166 2185 279 2237; x_wconf 87' lang='lat' dir='ltr'><strong>condita</strong></span> <span class='ocrx_word' id='word_1_217' title='bbox 294 2201 351 2238; x_wconf 93' lang='lat' dir='ltr'><strong>non</strong></span> <span class='ocrx_word' id='word_1_218' title='bbox 364 2188 474 2239; x_wconf 80' lang='lat' dir='ltr'><strong>essenti</strong></span> <span class='ocrx_word' id='word_1_219' title='bbox 490 2189 544 2238; x_wconf 83' lang='lat' dir='ltr'><strong>Aut</strong></span> <span class='ocrx_word' id='word_1_220' title='bbox 558 2203 612 2255; x_wconf 90' lang='lat' dir='ltr'><strong>quo</strong></span> <span class='ocrx_word' id='word_1_221' title='bbox 626 2189 709 2241; x_wconf 90' lang='lat' dir='ltr'><strong>modo</strong></span> <span class='ocrx_word' id='word_1_222' title='bbox 723 2190 923 2257; x_wconf 85' lang='lat' dir='ltr'><strong>praeterirent,</strong></span> <span class='ocrx_word' id='word_1_223' title='bbox 941 2189 965 2238; x_wconf 88' lang='lat' dir='ltr'><strong>si</strong></span> 
     </span>
     <span class='ocr_line' id='line_1_32' title="bbox 165 2253 966 2324; baseline 0.001 -18"><span class='ocrx_word' id='word_1_224' title='bbox 165 2267 313 2320; x_wconf 76' lang='lat' dir='ltr'><strong>numquam</strong></span> <span class='ocrx_word' id='word_1_225' title='bbox 328 2253 463 2305; x_wconf 79' lang='lat' dir='ltr'><strong>fuissenti</strong></span> <span class='ocrx_word' id='word_1_226' title='bbox 480 2255 548 2305; x_wconf 83' lang='lat' dir='ltr'><strong>Cum</strong></span> <span class='ocrx_word' id='word_1_227' title='bbox 563 2271 630 2324; x_wconf 86' lang='lat' dir='ltr'><strong>ergo</strong></span> <span class='ocrx_word' id='word_1_228' title='bbox 644 2257 683 2308; x_wconf 89' lang='lat' dir='ltr'><strong>sis</strong></span> <span class='ocrx_word' id='word_1_229' title='bbox 698 2263 830 2322; x_wconf 85' lang='lat' dir='ltr'><strong>operator</strong></span> <span class='ocrx_word' id='word_1_230' title='bbox 843 2257 966 2307; x_wconf 75' lang='lat' dir='ltr'><strong>omniun</strong></span> 
     </span>
     <span class='ocr_line' id='line_1_33' title="bbox 165 2320 965 2390; baseline 0.001 -18"><span class='ocrx_word' id='word_1_231' title='bbox 165 2329 330 2386; x_wconf 79' lang='lat' dir='ltr'><strong>temporum,</strong></span> <span class='ocrx_word' id='word_1_232' title='bbox 340 2321 365 2372; x_wconf 93' lang='lat' dir='ltr'><strong>si</strong></span> <span class='ocrx_word' id='word_1_233' title='bbox 374 2320 428 2376; x_wconf 85' lang='lat' dir='ltr'><strong>fuit</strong></span> <span class='ocrx_word' id='word_1_234' title='bbox 438 2322 552 2388; x_wconf 88' lang='lat' dir='ltr'><strong>aliquod</strong></span> <span class='ocrx_word' id='word_1_235' title='bbox 561 2329 679 2390; x_wconf 81' lang='lat' dir='ltr'><strong>tempus,</strong></span> <span class='ocrx_word' id='word_1_236' title='bbox 690 2330 754 2374; x_wconf 88' lang='lat' dir='ltr'><strong>unte</strong></span> <span class='ocrx_word' id='word_1_237' title='bbox 764 2325 846 2390; x_wconf 85' lang='lat' dir='ltr'><strong>quani</strong></span> <span class='ocrx_word' id='word_1_238' title='bbox 856 2322 965 2374; x_wconf 84' lang='lat' dir='ltr'><strong>iaceres</strong></span> 
     </span>
     <span class='ocr_line' id='line_1_34' title="bbox 167 2389 968 2456; baseline 0 -16"><span class='ocrx_word' id='word_1_239' title='bbox 167 2389 277 2440; x_wconf 85' lang='lat' dir='ltr'><strong>coelum</strong></span> <span class='ocrx_word' id='word_1_240' title='bbox 290 2394 319 2438; x_wconf 89' lang='lat' dir='ltr'><strong>et</strong></span> <span class='ocrx_word' id='word_1_241' title='bbox 331 2394 446 2450; x_wconf 85' lang='lat' dir='ltr'><strong>terram,</strong></span> <span class='ocrx_word' id='word_1_242' title='bbox 461 2404 511 2439; x_wconf 88' lang='lat' dir='ltr'><strong>eur</strong></span> <span class='ocrx_word' id='word_1_243' title='bbox 521 2390 634 2452; x_wconf 84' lang='lat' dir='ltr'><strong>dieitur,</strong></span> <span class='ocrx_word' id='word_1_244' title='bbox 649 2391 726 2456; x_wconf 88' lang='lat' dir='ltr'><strong>quod</strong></span> <span class='ocrx_word' id='word_1_245' title='bbox 735 2392 769 2441; x_wconf 89' lang='lat' dir='ltr'><strong>ab</strong></span> <span class='ocrx_word' id='word_1_246' title='bbox 780 2405 866 2456; x_wconf 82' lang='lat' dir='ltr'><strong>opere</strong></span> <span class='ocrx_word' id='word_1_247' title='bbox 876 2403 968 2442; x_wconf 67' lang='lat' dir='ltr'><strong>nessa-</strong></span> 
     </span>
     <span class='ocr_line' id='line_1_35' title="bbox 166 2455 968 2524; baseline 0.005 -19"><span class='ocrx_word' id='word_1_248' title='bbox 166 2455 231 2507; x_wconf 83' lang='lat' dir='ltr'><strong>basi</strong></span> <span class='ocrx_word' id='word_1_249' title='bbox 242 2455 272 2506; x_wconf 90' lang='lat' dir='ltr'><strong>id</strong></span> <span class='ocrx_word' id='word_1_250' title='bbox 282 2455 372 2522; x_wconf 83' lang='lat' dir='ltr'><strong>ipsum</strong></span> <span class='ocrx_word' id='word_1_251' title='bbox 381 2457 454 2506; x_wconf 86' lang='lat' dir='ltr'><strong>enim</strong></span> <span class='ocrx_word' id='word_1_252' title='bbox 464 2461 573 2521; x_wconf 85' lang='lat' dir='ltr'><strong>tempus</strong></span> <span class='ocrx_word' id='word_1_253' title='bbox 582 2463 614 2508; x_wconf 89' lang='lat' dir='ltr'><strong>tu</strong></span> <span class='ocrx_word' id='word_1_254' title='bbox 624 2456 741 2520; x_wconf 80' lang='lat' dir='ltr'><strong>ieceras,</strong></span> <span class='ocrx_word' id='word_1_255' title='bbox 752 2471 804 2508; x_wconf 82' lang='lat' dir='ltr'><strong>nac</strong></span> <span class='ocrx_word' id='word_1_256' title='bbox 813 2459 968 2524; x_wconf 75' lang='lat' dir='ltr'><strong>praeterire</strong></span> 
     </span>
     <span class='ocr_line' id='line_1_36' title="bbox 155 2523 970 2640; baseline 0.004 -68"><span class='ocrx_word' id='word_1_257' title='bbox 155 2527 318 2587; x_wconf 55' lang='lat' dir='ltr'><strong>metuerunt</strong></span> <span class='ocrx_word' id='word_1_258' title='bbox 330 2529 455 2640; x_wconf 60' lang='lat' dir='ltr'><strong>temqora</strong></span> <span class='ocrx_word' id='word_1_259' title='bbox 469 2529 533 2573; x_wconf 88' lang='lat' dir='ltr'><strong>ante</strong></span> <span class='ocrx_word' id='word_1_260' title='bbox 549 2538 630 2589; x_wconf 85' lang='lat' dir='ltr'><strong>quam</strong></span> <span class='ocrx_word' id='word_1_261' title='bbox 642 2523 750 2574; x_wconf 81' lang='lat' dir='ltr'><strong>feneres</strong></span> <span class='ocrx_word' id='word_1_262' title='bbox 763 2531 900 2590; x_wconf 73' lang='lat' dir='ltr'><strong>tempora.</strong></span> <span class='ocrx_word' id='word_1_263' title='bbox 939 2523 970 2575; x_wconf 81' lang='lat' dir='ltr'><strong>Si</strong></span> 
     </span>
     <span class='ocr_line' id='line_1_37' title="bbox 169 2589 970 2657; baseline 0.009 -22"><span class='ocrx_word' id='word_1_264' title='bbox 169 2594 261 2638; x_wconf 88' lang='lat' dir='ltr'><strong>autem</strong></span> <span class='ocrx_word' id='word_1_265' title='bbox 268 2596 331 2640; x_wconf 89' lang='lat' dir='ltr'><strong>ante</strong></span> <span class='ocrx_word' id='word_1_266' title='bbox 339 2605 390 2640; x_wconf 88' lang='lat' dir='ltr'><strong>coe</strong></span> <span class='ocrx_word' id='word_1_267' title='bbox 404 2605 447 2639; x_wconf 91' lang='lat' dir='ltr'><strong>um</strong></span> <span class='ocrx_word' id='word_1_268' title='bbox 458 2595 486 2638; x_wconf 88' lang='lat' dir='ltr'><strong>et</strong></span> <span class='ocrx_word' id='word_1_269' title='bbox 495 2589 598 2640; x_wconf 77' lang='lat' dir='ltr'><strong>terram</strong></span> <span class='ocrx_word' id='word_1_270' title='bbox 609 2590 713 2640; x_wconf 86' lang='lat' dir='ltr'><strong>nulium</strong></span> <span class='ocrx_word' id='word_1_271' title='bbox 723 2597 783 2641; x_wconf 85' lang='lat' dir='ltr'><strong>erat</strong></span> <span class='ocrx_word' id='word_1_272' title='bbox 791 2597 912 2657; x_wconf 81' lang='lat' dir='ltr'><strong>tempus,</strong></span> <span class='ocrx_word' id='word_1_273' title='bbox 920 2605 970 2642; x_wconf 88' lang='lat' dir='ltr'><strong>eur</strong></span> 
     </span>
     <span class='ocr_line' id='line_1_38' title="bbox 169 2655 970 2724; baseline 0.01 -23"><span class='ocrx_word' id='word_1_274' title='bbox 169 2656 323 2720; x_wconf 82' lang='lat' dir='ltr'><strong>quaeritur,</strong></span> <span class='ocrx_word' id='word_1_275' title='bbox 343 2656 409 2724; x_wconf 88' lang='lat' dir='ltr'><strong>quid</strong></span> <span class='ocrx_word' id='word_1_276' title='bbox 422 2664 487 2707; x_wconf 86' lang='lat' dir='ltr'><strong>tune</strong></span> <span class='ocrx_word' id='word_1_277' title='bbox 499 2655 622 2708; x_wconf 83' lang='lat' dir='ltr'><strong>faciebas</strong></span> <span class='ocrx_word' id='word_1_278' title='bbox 628 2656 639 2708; x_wconf 84' lang='lat' dir='ltr'><strong>i</strong></span> <span class='ocrx_word' id='word_1_279' title='bbox 656 2656 719 2709; x_wconf 82' lang='lat' dir='ltr'><strong>Non</strong></span> <span class='ocrx_word' id='word_1_280' title='bbox 732 2658 804 2710; x_wconf 84' lang='lat' dir='ltr'><strong>enim</strong></span> <span class='ocrx_word' id='word_1_281' title='bbox 819 2665 880 2710; x_wconf 83' lang='lat' dir='ltr'><strong>erat</strong></span> <span class='ocrx_word' id='word_1_282' title='bbox 891 2665 970 2720; x_wconf 85' lang='lat' dir='ltr'><strong>tune,</strong></span> 
     </span>
    </p>
   </div>
   <div class='ocr_carea' id='block_1_3' title="bbox 0 0 1037 2925">
    <p class='ocr_par' dir='ltr' id='par_1_3' title="bbox 0 0 1037 2925">
     <span class='ocr_line' id='line_1_39' title="bbox 0 0 1037 2925; baseline 0 0"><span class='ocrx_word' id='word_1_283' title='bbox 0 0 1037 2925; x_wconf 95' lang='lat' dir='ltr'><strong> </strong></span> 
     </span>
    </p>
   </div>
  </div>
 </body>
</html>
