2050 2925
212 107 528 162 concussionum
545 108 667 161 creso
683 106 769 161 mu.
826 96 887 162 *sos

90 210 220 276 stinctio,
232 213 327 263 videat
339 212 385 277 qni
395 216 499 277 potest.
534 209 617 261 Certe
628 224 721 259 coram
731 223 761 259 se
772 214 827 270 est,
841 209 887 261 nd·

88 278 188 330 tendat
196 279 226 328 in
235 293 279 340 se,
289 283 319 328 et
327 278 429 339 rideat,
440 281 471 327 'et
480 274 556 327 dicat
563 274 641 327 mibi.
676 274 732 327 Sed
742 288 803 325 cum
813 276 888 325 inve·

88 344 205 396 neritia
220 342 379 411 bisaliquid
388 350 417 394 et
427 344 544 405 dixerit,
558 357 614 394 non
623 342 678 393 iam
688 356 719 392 se
728 346 807 407 putet
813 342 888 392 inve-

87 412 166 462 nisse
175 410 257 473 illud,
268 411 343 477 quod
352 425 436 476 supro
443 410 499 461 ista
509 412 554 461 est
562 407 801 469 incommutabile,
812 406 888 473 quod

88 483 136 527 est
153 477 427 539 incommutabiliter,
447 482 475 526 et
494 476 548 526 scit
560 474 838 535 incommutabiliter,
858 481 887 525 et
972 524 974 529 ,

86 544 150 595 vult
166 544 438 596 incommutabiliter.
472 542 509 592 Et
522 547 612 593 utrum
626 547 740 607 propter
751 543 806 592 tria
818 537 888 592 boec
929 545 930 548 ’

88 617 120 661 et
132 610 173 661 ibi
182 611 317 672 Trinitas,
333 625 369 660 an
377 611 407 661 in
417 609 534 675 singulis
545 606 692 669 baectriu,
705 612 736 660 ut
744 615 824 658 terna
833 608 888 659 sin·

86 676 218 744 gaiorum
235 678 304 729 sint:
323 692 357 726 an
370 682 515 743 utrumque
529 676 608 727 miris
621 676 711 726 modis
725 674 889 747 simpliciter

86 750 119 794 et
127 742 319 809 multipliciter
328 744 436 793 infinito
445 743 474 793 in
483 756 515 793 se
526 742 581 793 sibi
589 741 657 804 fine,
668 756 724 807 quo
734 746 786 803 est,
797 746 826 792 et
835 740 890 795 sibi
918 768 924 792 i
963 742 966 746 ’

85 814 186 860 notum
200 816 256 873 est,
270 816 299 860 et
308 810 364 862 sibi
373 810 474 861 suffieit
485 808 749 860 incommutabiliter
757 808 787 859 id
796 808 887 873 ipsum

87 876 207 977 ⁰912³⁰⁸³
224 877 339 927 unitatis
352 891 398 927 ma
437 874 556 936 itudinc,
575 874 636 937 quis
649 874 732 925 facile
747 875 887 941 cogitave-

68 993 73 1001 ,
114 949 139 991 t.
160 941 228 1002 Quis
237 943 297 993 ullo
308 943 391 993 modo
423 940 520 992 'ueriti
539 940 607 1001 Quis
618 940 743 1005 quolibet
751 939 835 991 modo
846 946 887 991 te·

86 1008 410 1074 merepronuntiaveriti
607 1003 610 1014 ’

141 1074 172 1123 G.
186 1074 246 1123 xil.
281 1073 409 1123 Procede
421 1073 450 1122 in
464 1054 656 1135 confessione,
669 1054 739 1123 fides
753 1086 827 1134 mea,
841 1050 887 1123 dic
905 1046 907 1051 ἲ

85 1139 212 1189 Domino
230 1138 293 1189 Deo
313 1145 375 1189 tuo:
393 1138 509 1200 Sancte,
528 1143 636 1200 nancte,
655 1144 750 1189 macte
767 1138 887 1189 Domine

85 1206 168 1255 Dens
177 1219 269 1267 meus,
282 1206 430 1256 innomine
439 1214 489 1255 tuo
498 1204 634 1272 baptizati
644 1220 750 1267 sumus,
764 1204 849 1255 Pater
859 1210 888 1255 et

84 1272 144 1326 Fili
163 1278 192 1322 et
211 1271 330 1337 Spiritus
349 1277 459 1335 sancte,
476 1272 504 1322 in
517 1274 628 1327 nomina
641 1278 690 1323 tuo
704 1272 887 1339 baptizemus,

84 1338 174 1389 Pater
187 1345 217 1389 et
224 1336 280 1389 Fili
294 1338 352 1392 etS
371 1339 452 1390 iritus
464 1346 573 1401 sancte;
593 1341 658 1407 quis
671 1344 700 1390 et
711 1340 784 1407 apud
796 1355 848 1391 nos
857 1340 888 1391 in

86 1402 201 1455 Christo
211 1404 342 1475 suofees‘t
378 1421 422 1457 eus
432 1407 533 1457 coelum
542 1414 567 1456 et
578 1414 691 1468 terram,
706 1406 847 1473 spiritales
857 1412 887 1457 et

86 1472 216 1524 carnales
227 1473 365 1524 ecclesiae
374 1489 451 1524 suae.
484 1474 521 1524 Et
531 1481 604 1524 terre
613 1478 719 1535 nostru,
729 1480 793 1524 ente
804 1487 886 1540 quum

86 1540 229 1604 acciperet
238 1539 358 1591 formam
367 1539 525 1600 doctrinae,
535 1535 672 1589 s'nm'ss'bib‘s
683 1545 743 1590 erat
751 1547 778 1592 et
786 1539 886 1590 incom-

79 1605 186 1673 posita,
203 1612 232 1656 et
241 1606 417 1673 ignorantiae
426 1605 550 1655 tenebris
559 1606 746 1672 tegebamur3‘
755 1606 887 1672 quoniam

84 1686 137 1738 pro
150 1673 299 1738 iniquitate
312 1671 430 1723 erudisti
439 1669 591 1734 bominem,
605 1671 804 1723 etiudiciatua
813 1671 887 1734 sicut

84 1737 194 1804 abyssus
203 1739 299 1790 multa.
334 1738 391 1790 Sed
400 1740 466 1804 quia
474 1736 591 1804 Spiritus
600 1745 660 1788 tuus
669 1736 888 1806 superferebatut

83 1819 167 1870 super
177 1820 288 1872 swam,
304 1821 362 1856 non
371 1805 486 1871 reliquit
494 1805 637 1856 miseriam
645 1811 769 1870 nostram
778 1806 886 1857 miseri·

85 1871 184 1923 cordia
191 1879 254 1933 tua,
267 1872 415 1923 etdixisti:
425 1870 482 1938 fiat
492 1873 546 1922 luc.
583 1872 814 1924 Poenitentiama
835 1875 886 1936 'te;

84 1937 317 2004 adpropinquavit
325 1941 398 1990 enim
408 1952 524 2005 regnum
534 1939 684 1990 coelorum.
696 1937 805 2000 (Mutth.
833 1941 885 2002 ,i.)

84 2002 291 2056 Poenitentiam
300 2008 389 2074 sgite3
398 2003 519 2073 fistice.
551 2005 590 2058 Et
600 2006 730 2073 quoniam
739 2007 885 2061 conturba·

48 2082 50 2089 ·
83 2076 116 2119 ta
127 2076 188 2122 erat
199 2072 236 2122 ed
243 2087 296 2122 nos
305 2075 383 2138 ipsos
394 2073 485 2124 anima
493 2078 605 2136 nostra,
621 2073 830 2124 commemorati
840 2089 885 2124 su·

83 2151 146 2187 snus
155 2140 209 2197 tui,
220 2137 355 2200 Domine,
367 2139 402 2189 de
411 2145 488 2190 terra
496 2139 637 2201 iordanis,
651 2139 723 2191 etde
734 2145 828 2195 monte
838 2155 884 2190 ae·

85 2203 162 2268 quau
173 2204 239 2265 tibi,
253 2206 303 2256 sed
315 2219 401 2271 psrvo
413 2212 527 2272 propter
537 2221 588 2258 nos
598 2206 657 2268 (Ps.
666 2207 709 2270 42,
718 2207 771 2271 l.);
783 2213 819 2262 let
828 2207 883 2258 dis-

84 2268 243 2335 plicderunt
260 2272 342 2323 nobis
357 2273 489 2322 tenebrae
511 2278 638 2334 nostrae,
656 2279 685 2324 et
697 2273 826 2326 conversi
838 2289 883 2326 su·

8 2343 12 2348 “
84 2351 146 2387 mus
160 2336 198 2387 ad
209 2341 250 2400 te,
261 2337 377 2406 etfseta
387 2345 427 2388 est
435 2339 489 2390 lex.
524 2339 561 2390 Et
570 2354 635 2391 ecce
645 2337 747 2392 luimus
758 2339 881 2454 silignan-

85 2403 122 2453 do
131 2403 274 2466 tenebrae,
285 2410 459 2456 nuncautesn
467 2405 516 2456 lux
524 2407 554 2458 in
562 2405 693 2456 Domino.
706 2403 787 2470 (pr.
815 2404 871 2467 ,8.)

135 2468 252 2520 ccxlii.
286 2469 582 2538 Ettamenadbucper
592 2472 687 2533 fidem,
701 2468 883 2538 nondumper

63 2560 74 2582 t
85 2537 216 2602 speciem.
252 2535 307 2602 Spe
317 2537 390 2588 enim
402 2538 473 2589 salvi
480 2537 549 2590 lacti
559 2554 662 2589 sumus.
698 2536 767 2602 Spes
777 2543 879 2599 autem,

86 2617 157 2669 quae
178 2603 299 2667 videtur,
326 2606 446 2656 nonest
467 2619 541 2672 spes.
556 2605 647 2668 (Rom.
661 2602 686 2667 8,
696 2605 750 2670 24.)
783 2603 879 2658 Adbuc
