2050 2925
190 86 718 185 consessmuunmusorv.
770 88 776 93 ᾗ
819 132 850 187 cr

49 242 81 289 et
93 232 255 287 nesciebam
269 232 341 285 unde
357 238 445 294 esset,
477 232 593 299 uidquid
602 233 746 285 ibi'rerum
755 240 784 285 et
793 247 852 285 cer·

48 311 111 355 tum
126 306 213 352 esset.¹
244 300 366 351 Dorsum
379 300 452 350 enim
459 248 602 359 diabebam
616 300 652 350 ad
660 300 764 362 lumen,
779 301 853 353 etad

51 384 87 421 es
101 382 174 435 quse
188 368 379 419 illuminantur
391 365 504 417 faciem:
523 367 596 419 unde
609 367 673 431 ipsa
684 365 772 419 iacies
782 382 853 429 mea,

52 450 109 503 qua
118 434 275 499 illuminate
285 433 440 495 cernebam,
451 448 506 483 non
516 433 732 483 illuminabatur.
769 433 854 492 Quid·

52 501 121 569 quid
136 500 170 551 de
187 506 246 551 arte
260 500 392 566 loquendi
402 506 431 551 et
438 500 612 562 disserendi,
625 500 761 566 quidquid
770 500 804 549 de
815 498 857 549 di·

51 568 245 627 mansionibus
254 568 414 633 figurarum,
425 566 498 617 etde
509 567 631 627 musicis,
642 572 671 617 et
680 565 715 617 de
723 567 856 628 numeris,

50 632 482 701 sinemagnedifficultate‚nullo
492 632 766 693 homiuumtrcdente
774 634 855 683 intel·

50 702 125 763 leui,
145 702 201 751 scis
216 707 260 763 tu,
275 700 394 751 Domine
407 699 484 751 Deus
497 715 589 762 meus,
603 701 668 766 quis
683 707 712 751 et
725 702 857 751 celeritas
872 700 878 705 ’
925 753 932 768 ἱ

50 768 233 835 intelligendi
246 774 275 818 et
288 767 453 833 dispiciendi
468 782 584 817 acumen
597 767 699 818 donum
711 773 788 819 tuum
802 772 856 818 est.

53 835 113 889 Sed
127 834 184 885 uon
200 834 264 886 inde
276 834 467 885 sacrificabam
476 834 537 884 tibi.
571 833 668 899 ltaque
677 833 746 885 mihi
755 850 810 887 non
820 832 857 885 ad
929 832 936 850 “
1022 845 1023 866 ¹

52 917 148 964 usum,
164 902 214 952 sed
224 901 260 954 ad
266 902 419 968 perniciem
429 902 519 967 magis
529 900 652 962 valebat,
667 902 798 969 quietam
806 902 855 952 bo-

53 985 119 1021 nam
131 972 239 1035 partem
253 968 427 1019 substantiae
437 980 517 1017 ureae
526 973 587 1017 sete
609 968 615 979 “
627 966 730 1017 habere
740 969 769 1017 in
777 974 856 1035 pote·

54 1042 144 1098 state3
163 1041 192 1085 et
205 1033 398 1101 fortitudinem
407 1048 497 1084 meam
506 1048 563 1083 non
573 1047 590 1082 a
617 1037 646 1083 t'e
656 1034 857 1095 custodiebam,
899 1085 902 1089 ,

55 1102 107 1155 sed
122 1101 267 1169 proiectus
287 1116 347 1153 sum
364 1100 413 1151 abs
429 1108 457 1151 te
468 1100 498 1149 in
511 1100 692 1166 longinquam
701 1101 872 1166 regionem,'

54 1176 87 1221 ut
101 1184 164 1221 eam
178 1167 342 1233 dissiparem
356 1168 386 1217 iu
398 1166 561 1219 meretrices
575 1166 752 1232 cupiditates.
766 1224 769 1227 ,
786 1165 857 1217 Nam

40 1234 125 1302 *quid
133 1233 207 1289 ,mihi
219 1234 352 1300 proderat
364 1233 439 1285 bons
451 1247 562 1285 resnou
572 1233 662 1285 utenti
670 1232 760 1285 benei
793 1230 857 1285 Non

55 1300 856 1368 emmscntieham‚sslasanesstiamabstudiosnetinge

54 1370 146 1421 uiosis
161 1368 322 1421 difficillime
335 1368 473 1434 intelligi,
484 1368 539 1419 nisi
553 1383 614 1418 cum
629 1368 670 1418 eis
685 1370 798 1421 easdem
811 1383 858 1419 co·

55 1436 144 1488 nabar
162 1448 315 1502 exponere3
334 1439 363 1485 et
375 1441 435 1490 erat
447 1434 495 1486 ille
506 1434 758 1488 excellentissimus
766 1437 795 1486 in
805 1436 857 1497 eis,

56 1505 154 1570 quime
161 1507 346 1570 exponentem
353 1517 409 1554 uon
416 1503 523 1552 tardius
533 1498 706 1568 sequeretur.
725 1502 781 1553 Sed
791 1502 858 1568 quid

55 1570 126 1622 mihi
143 1565 344 1636 hoc,sproderat
357 1569 478 1635 putanti,
489 1569 565 1634 quod
577 1576 620 1630 tu,
633 1567 754 1618 Domine
769 1568 858 1631 Deus,

56 1639 175 1699 veritas,
188 1650 288 1702 corpus
303 1650 380 1689 esses
395 1634 518 1695 lucidum
532 1641 561 1685 et
572 1635 750 1696 immensum,
760 1641 789 1685 et
802 1650 857 1701 ego

55 1703 178 1768 frustum
200 1703 234 1754 de
256 1703 307 1754 iilo
326 1701 461 1768 corporei
478 1700 571 1752 Nimia
587 1700 765 1766 perversitas.
800 1701 857 1752 Sed

57 1772 98 1823 sic
114 1784 199 1822 eram.
232 1767 292 1820 Nec
305 1769 455 1831 erubesce,
469 1768 547 1819 Deus
561 1783 652 1830 meus,
667 1768 857 1819 confiteritibi

55 1839 139 1890 inme
149 1835 357 1888 misericordias
366 1841 475 1897 tusses
484 1835 615 1892 invocare
624 1840 663 1897 te,
673 1835 786 1900 quinon
795 1849 857 1888 eru·

56 1905 106 1956 bui
121 1910 190 1960 ¹tunc
207 1903 333 1968 profiteri
346 1901 504 1954 hominibus
518 1900 705 1968 blasphemias
718 1915 809 1965 meas,
829 1908 858 1952 et

56 1972 161 2024 latrare
175 1970 321 2022 adversum
333 1973 371 2022 te.
408 1969 482 2030 Quid
492 1983 560 2037 ergo
571 1967 714 2021 mihitunc
723 1970 858 2036 proderat
880 2019 888 2029 ,

56 2039 85 2088 in
107 2037 199 2088 eniam
212 2036 339 2103 perillus
355 2035 496 2090 doctrines
512 2036 601 2104 agile,
615 2041 643 2087 et
654 2036 731 2087 nullo
741 2036 856 2088 admini-

58 2053 239 2156 cdohunani
248 2103 404 2170 magisterii
413 2108 457 2152 tot
465 2103 649 2154 nodosissimi
657 2103 722 2154 libri
731 2104 856 2168 enodati,

57 2187 120 2222 cum
135 2169 299 2226 deformiter
313 2175 341 2220 et
354 2169 494 2236 sacrilega
505 2170 677 2235 turpitudine
689 2171 719 2222 in
729 2169 857 2223 doctrina

55 2237 171 2306 pietatis
188 2234 328 2294 erraremi
344 2237 398 2286 Aut
417 2237 483 2302 quid
501 2243 607 2288 tannim
622 2236 720 2288 oberat
732 2239 856 2304 parvulis

57 2304 203 2371 tuisionge
211 2302 317 2355 tardius
327 2302 703 2418 ingeniummumstelonge
713 2319 769 2357 non
779 2319 856 2356 rece-

58 2372 169 2433 dereut,
183 2376 215 2420 ut
229 2369 337 2432 inuida
377 2371 496 2422 eclesiae
506 2375 570 2421 tuae
580 2369 634 2420 tuti
641 2371 857 2434 plumescerent,

58 2445 86 2490 et
104 2437 164 2488 alas
181 2436 307 2488 caritatis
326 2435 458 2488 alimento
477 2451 562 2488 sanae
579 2435 647 2486 fidei
660 2437 813 2488 nutrirenti
831 2436 855 2486 0

56 2505 177 2556 Domine
193 2502 271 2554 Deus
287 2508 395 2566 noster,
412 2504 442 2554 in
455 2503 612 2558 veiamento
627 2501 733 2564 marum
746 2509 857 2552 tuarum

58 2586 211 2638 speremus,
222 2574 251 2631 ct
260 2563 377 2635 protepe
386 2585 448 2633 nos,
459 2576 488 2620 et
496 2576 579 2636 porta
587 2583 649 2620 nos.
676 2570 720 2620 Tu
730 2566 856 2633 portabis

58 2646 88 2691 et
96 2637 237 2704 parvulos,
244 2641 273 2688 et
279 2649 366 2712 usque
376 2637 412 2690 ad
418 2651 507 2696 ,canos
517 2634 694 2701 tuportabisr
705 2634 855 2700 quoniam
