2050 2925
180 182 187 186 -
228 102 750 227 courussmuummunurx
836 147 886 204 iss

87 251 281 302 remeabamus
290 255 319 303 in
328 251 456 309 Africam.
472 250 510 301 Et
519 266 607 303 cunia
626 251 662 301 ud
674 254 747 302 ostia
755 250 889 303 Tiberina

89 330 225 379 essemus,
234 325 323 369 mater
331 318 463 369 defuncta
472 324 523 375 est.
558 266 648 368 Mufta
657 322 811 385 praetereo,
823 318 888 385 quia

86 382 205 434 multum
213 384 326 435 festino.
346 386 447 451 Accipe
457 383 649 435 confessiones
659 398 735 435 meas
746 391 774 434 et
784 387 887 450 gratia·

86 462 150 499 rum
159 452 294 512 actiones,
310 450 387 501 Deus
404 466 491 513 meus,
502 452 536 501 de
546 451 629 501 rebus
639 450 886 502 innumerabilibus

87 517 343 568 etiamiusilentic.
362 517 418 568 Sed
427 532 483 568 non
511 518 666 579 raeteribo,
677 516 810 583 quidquid
820 515 888 567 mibi

86 582 181 651 anima
189 583 308 647 parturit
317 584 351 633 de
360 584 410 633 illa
417 532 521 634 fambre
529 590 586 646 tua,
597 598 667 650 quae
676 598 721 635 me
730 583 887 649 parturivit,

54 689 57 693 .
87 652 119 697 et
131 662 227 709 carne,
241 649 313 699 utin
326 647 396 700 banc
404 650 599 717 temporalem,
613 656 642 701 et
652 650 749 711 corde,
762 648 831 699 utin
841 662 886 699 aee

84 719 196 763 ternam
213 714 304 765 lucem
320 730 460 767 nascerer.
493 714 557 766 Non
575 718 648 778 eius,
667 716 717 767 sed
723 722 784 774 ,tua
795 716 887 766 dicam

38 787 42 794 “
85 778 163 830 duna
174 780 203 829 iu
213 792 366 850 carneque
376 783 448 833 enim
458 796 489 833 se
496 784 586 847 ipsam
595 781 714 845 iecerat,
728 787 777 831 aut
787 782 887 835 educa·

84 851 167 895 verat
175 861 207 897 se
215 847 312 913 ipsam.
342 850 386 899 Tu
397 852 499 899 creasti
508 856 579 910 eam,
588 862 639 899 nec
649 855 789 915 paternec
797 854 887 899 mater
937 873 939 877 ·

85 912 205 973 sciebat,
216 914 305 979 qualis
316 929 352 966 ex
360 915 402 965 eis
412 916 502 965 lieret.
520 914 557 963 Et
567 916 687 965 erudivit
696 930 756 966 eam
766 917 795 965 in
803 916 884 967 timo·

82 991 120 1028 re
141 984 191 1028 tuu
212 979 408 1047 virgacbristi
419 981 473 1043 tui,
494 980 620 1045 regimen
634 983 710 1032 unici
722 982 774 1032 mii
792 984 835 1033 tui
854 983 883 1031 in
978 1020 981 1029 ,

34 1044 38 1048 ’
84 1043 346 1097 dumeiidelibunu
359 1046 485 1097 membro
499 1046 727 1096 ccclesiaetuse:
756 1046 884 1097 Nectar:

82 1113 225 1177 tam'erga
235 1127 314 1163 suam
326 1112 500 1178 disciplinam
512 1111 687 1177 diligentiam
700 1114 795 1163 matris
806 1118 884 1179 p'rae·

84 1176 207 1240 dicabat,
218 1185 347 1244 quantam
358 1177 477 1229 famulae
487 1178 630 1228 cuiusdam
637 1178 804 1245 decrepitae,
813 1192 884 1245 quae

71 1248 193 1309 ,patrem
212 1246 273 1296 cius
284 1244 417 1296 infantem
429 1250 601 1311 portaverat,
621 1246 693 1295 sieut
706 1245 790 1296 dorso
804 1260 895 1311 grum,

83 1308 273 1362 diusculamm
282 1312 433 1379 puellarum
442 1312 550 1377 parvuli
559 1312 666 1378 portari
675 1313 775 1363 solent.
798 1312 884 1363 Cuius

83 1376 129 1426 rei
143 1377 245 1443 gratim
259 1385 290 1429 et
301 1386 416 1446 propter
428 1384 569 1448 senectam
580 1393 612 1429 ac
621 1392 714 1429 mores
726 1380 845 1443 optimos
855 1379 885 1429 in

84 1442 170 1494 domu
180 1442 337 1502 Christiana
346 1446 569 1498 satisadominis
580 1443 775 1496 honorabatur.
804 1444 884 1497 Unde

82 1510 170 1568 etiam
181 1525 274 1562 curam
284 1512 482 1563 dominicarum
491 1513 625 1573 filiarum,
636 1513 810 1562 commissam
820 1511 884 1574 sibi,

83 1575 238 1642 diligenter
256 1579 384 1643 gerebat,
403 1583 431 1626 et
448 1584 509 1641 erat
526 1579 556 1627 in
574 1579 614 1627 eis
628 1578 805 1656 coercendis,
819 1591 885 1628 cum

60 1641 883 1776 ·tristitie:iiiiiiimbibitis:iiii

83 1774 186 1840 quibus
199 1774 370 1827 ad'meusam
383 1781 526 1842 parentum
538 1773 760 1826 moderatissime
774 1774 883 1825 aleban-
1020 1817 1024 1839 ,

84 1847 144 1903 tur,
157 1843 268 1894 etiamsi
278 1841 492 1894 exardescerent
501 1843 561 1903 siti,
575 1855 651 1892 neca
672 1841 837 1899 uambibere
848 1843 882 1892 si·
897 1858 900 1860 ·
972 1851 974 1862 '¹

85 1907 182 1971 nebat,
196 1923 365 1976 praecavens
375 1909 603 1961 consuetudinem
613 1855 723 1971 malam,
740 1914 768 1959 et
777 1907 882 1960 addens

84 1974 199 2026 verbum
212 1991 320 2027 sauum=
339 1977 445 2038 „Modo
458 1981 557 2042 aquam
570 1975 678 2038 bibitis,
693 1975 757 2042 quia
765 1977 794 2026 in
803 1980 881 2042 pote·
955 2029 962 2034 ,

86 2046 159 2091 state
171 2043 265 2094 vinum
280 2057 335 2094 non
350 2041 471 2107 bebetis3
489 2057 551 2093 cum
564 2047 655 2093 autem
668 2043 703 2094 ad
712 2045 826 2094 maritos
837 2043 881 2093 vei

85 2108 193 2171 neritis,
204 2109 295 2160 iactae
306 2109 433 2161 dominae
443 2108 639 2177 apbthecarum
658 2114 686 2160 et
696 2108 881 2170 cellariorum}
895 2120 898 2123 ·

85 2187 159 2242 aqua
171 2177 309 2238 sordebit3
327 2179 450 2238 sedmos
460 2175 785 2244 potandipruevalebit.⁴‘
819 2176 882 2226 Hac
954 2183 961 2190 ·

84 2240 195 2292 ratione
209 2243 397 2308 praecipiendi
410 2249 439 2293 ct
451 2245 618 2294 auctoritate
628 2243 780 2308 imperandi
791 2241 882 2291 irena·

84 2304 302 2358 batariditatem
311 2311 458 2360 tenerioris
469 2312 581 2372 aetatis,
596 2315 623 2360 et
633 2310 719 2374 ipsam
728 2309 882 2374 puellarum
923 2309 926 2314 '

84 2371 161 2422 sitim
171 2373 309 2424 formabat
318 2374 354 2425 ad
363 2374 509 2427 honestum
518 2375 638 2438 modum,
647 2382 678 2430 ut
687 2376 742 2424 iam
752 2387 803 2422 nec
812 2369 881 2448 libe-

83 2444 142 2500 ret,
175 2441 232 2490 uod
245 2454 301 2491 non
314 2443 436 2492 deceret.
469 2441 505 2492 Et
515 2446 689 2508 surrepserat
697 2444 798 2497 tamen,
810 2439 882 2484 sicut

84 2453 881 2572 mibiffilicfamulatusnarrabat,surrcpserateivinclen-
908 2507 915 2515 ’“

86 2573 136 2622 tia.
167 2571 238 2624 Nam
247 2587 310 2623 cum
319 2573 353 2637 de
361 2587 440 2624 more
449 2579 589 2640 tamquam
598 2571 692 2638 puella
701 2568 796 2618 sobria
804 2565 880 2614 iube-

84 2640 352 2708 returepareutibus
362 2640 397 2693 de
407 2654 478 2704 cupa
485 2641 579 2696 vinum
588 2639 759 2703 depromere,
768 2629 882 2682 submis-
