2050 2925
89 1705 92 1716 ¹
107 1715 112 1722 ·
164 1685 199 1738 de
210 1683 323 1752 ingenio
335 1699 411 1749 oreo,
426 1700 540 1737 munere
558 1681 620 1748 tuo,
635 1687 664 1736 in
674 1685 774 1753 quibua
784 1701 853 1736 ame

101 168 105 172 .
159 84 202 177 'rc
366 126 537 179 nunanrr
552 124 775 179 nocuerim

169 226 265 289 rerba,
285 229 396 293 quaein
411 240 445 279 eo
459 228 524 277 loco
537 228 731 294 temptarunt,
749 218 804 278 aiei
819 226 964 277 Terentiae

167 293 312 343 induceret
329 307 447 361 nequam
462 293 681 357 adolescentem,
700 298 899 361 proponentem
912 292 965 355 eibi

166 358 260 409 Iorern
273 359 308 409 ad
319 360 473 425 exemplum
486 361 591 425 stupri,
612 361 676 411 dnm
701 367 812 427 spectat
825 358 965 422 „tabulam

167 425 312 491 quamdam
324 426 426 493 pictam
439 426 468 475 in
477 428 598 491 pariete,
611 427 758 494 ubiinerat
766 427 875 493 pictura
885 423 964 473 bacca

167 492 262 543 lovem
277 508 331 559 quo
346 488 428 557 pacto
447 490 561 543 Darnaae
574 493 684 543 miricae
699 493 775 542 aiunt
787 493 817 543 in
831 490 965 557 gremium

111 587 116 590 -
168 559 307 625 quondam
324 558 439 607 imbrem
459 572 582 621 aureum,
600 557 693 608 iucrrm
710 558 815 608 iactum
826 556 985 607 mulieri.⁴‘·

167 624 204 675 Et
222 625 300 687 vide,
323 622 553 691 quemadmodum
569 638 607 675 ee*
620 625 745 675 concitat
762 624 798 674 ad
814 622 966 683 libidinem,

168 692 248 757 quasi
258 690 374 740 coelesti
385 690 558 757 magisterio.
592 692 645 752 „At
654 705 736 756 quern
745 689 851 741 Deum!
869 690 965 755 inquit.

168 758 223 817 Qui
232 756 335 821 temple
344 756 417 807 coeli
426 759 630 807 rummaeonitu
638 758 771 807 concutit.
784 754 968 823 lignianum·

169 824 213 873 cie
235 821 263 871 id
283 836 338 873 non
348 821 487 873 iacercml
504 824 566 887 Ege
575 838 642 873 vero
652 824 723 875 illud
732 823 788 874 ieci
798 838 830 873 ac
839 822 965 873 lubene.“

167 888 294 953 (Terent.
326 888 439 953 Eune,
456 890 482 952 b,
501 889 535 940 36
546 893 598 954 aa.)
631 888 694 941 Non
713 891 823 944 omniuo
837 904 888 954 per
897 887 967 939 banc

166 954 364 1021 turpitudinem
382 956 467 1006 verba
483 957 546 1007 ieta.
557 956 729 1007 commodine
748 955 900 1018 discuntur,
917 955 966 1005 aed

166 1034 217 1089 per
231 1018 300 1071 baec
313 1022 399 1073 verba
410 1023 553 1089 turpitudo
566 1023 622 1073 ieta
634 1022 817 1073 confidentius
826 1027 964 1087 perpetra-

166 1095 220 1139 tur.
254 1086 316 1138 Non
327 1104 428 1141 accuso
442 1089 529 1141 rerba
544 1088 624 1157 quael
636 1104 703 1139 rana
715 1089 805 1139 electa
814 1094 897 1153 atque
906 1101 965 1166 pre·

166 1155 252 1215 tioaa3
271 1155 319 1204 aed
335 1156 428 1205 vinum
444 1157 563 1218 erroris,
577 1156 690 1223 quadiu
700 1154 965 1220 eianobleproprna·

165 1220 251 1271 batur·
258 1220 291 1269 ab
302 1219 386 1269 ebriis
396 1220 571 1283 doctoribue3
590 1228 619 1271 et
629 1222 683 1272 nisi
692 1220 858 1284 biberemus,
869 1220 965 1271 caede·

165 1286 276 1343 bamur,
290 1297 342 1333 nec
357 1285 498 1349 adpellare
509 1286 759 1350 aliquemiudicem
768 1286 892 1337 sobrium
901 1288 965 1338 lice·

166 1352 222 1402 bat.
257 1349 293 1399 Et
304 1356 395 1400 tannen
411 1364 478 1417 ego,
493 1349 570 1401 Deus
583 1366 673 1412 mene,
687 1351 716 1399 in
726 1351 805 1401 cuius
815 1360 966 1419 conspectu

166 1418 221 1468 iam
236 1428 336 1466 secura
350 1422 393 1467 eat
405 1416 564 1468 recordatio
578 1431 654 1478 mea,
669 1416 789 1467 libenter
801 1415 871 1470 baec
881 1420 965 1471 didici

166 1490 195 1536 et
205 1483 246 1534 eie
257 1481 416 1536 delectabar
425 1483 518 1547 mirer,
529 1490 558 1534 et
568 1482 603 1534 ob
613 1481 667 1534 boc
676 1483 783 1538 bonae
799 1488 873 1553 spei
885 1502 966 1553 puer

166 1549 354 1668 capgrrayrasrh·
390 1616 455 1670 Sine
466 1632 519 1682 ure,
529 1617 606 1670 Deua
617 1633 708 1681 meur,
719 1615 813 1670 dicere
823 1578 928 1736 dizuid
937 1628 967 1672 et

164 1753 265 1803 mentis
278 1752 464 1826 adterebatnr.
499 1753 793 1821 Proponebaturenim
802 1687 965 1820 mihirirlelgei·

164 1819 233 1871 tium
244 1819 350 1883 animae
360 1834 438 1870 meae
449 1821 517 1872 satie
527 1820 690 1890 inquietam,
700 1821 824 1886 praemio
834 1820 926 1872 laudis
937 1827 967 1871 et
1012 1841 1014 1877 ;

165 1885 325 1950 dedecorie,
347 1887 392 1936 rel
415 1887 558 1966 plagarum
577 1894 665 1949 metu,
690 1894 722 1937 ut
740 1886 860 1938 dicerem
879 1887 966 1937 rerba

165 1951 280 2002 lunonis
291 1951 437 2002 irascentra
447 1960 476 2002 et
486 1953 619 2016 dolentia,
629 1953 704 2018 quod
713 1968 768 2005 non
777 1960 874 2021 poaeet
882 1953 966 2004 ltalia

164 2017 335 2068 Teucrorum
343 2023 582 2084 avertereregem,
591 2033 662 2084 quae
674 2025 821 2087 numquam
829 2019 965 2070 lunonem
1012 2042 1013 2045 ¹

95 2109 104 2118 ν
165 2083 269 2136 diuisae
278 2081 490 2154 audieramreed
499 2084 869 2151 figmentorumpotticorum
878 2088 965 2138 veeti-

164 2148 212 2263 giuli
224 2153 353 2264 {pamelii
362 2149 442 2216 requi
455 2151 634 2232 cogebamur,
648 2159 678 2203 et
686 2152 742 2203 tale
753 2153 857 2232 aliquid
867 2153 965 2233 dicere
1012 2194 1013 2199 ,

119 2311 121 2316 .
164 2216 966 2358 ticltitttntrritltttbblttmtttnltil:

163 2359 313 2414 perronae,
328 2361 387 2398 rrae
401 2363 433 2398 ac
441 2348 547 2400 doloris
558 2352 678 2402 similior
686 2351 813 2402 adiectae
823 2353 967 2404 eminebat

162 2413 255 2464 verbis
269 2415 421 2464 sententiaa
432 2425 616 2482 congruenter
624 2418 814 2468 vestientibus.
849 2419 966 2485 thuid

162 2478 230 2530 mibi
243 2478 357 2538 illud,·o
371 2495 437 2531 vera
449 2483 507 2533 rita
519 2499 594 2546 ntea,
608 2482 684 2533 Deua
698 2499 789 2546 meur,
803 2484 880 2550 quod
893 2484 966 2536 mibi

162 2547 290 2598 recitanti
315 2547 519 2601 acclamabatur
539 2563 606 2615 prae
628 2549 723 2600 multia
748 2551 911 2602 coaetaneie
935 2560 966 2603 et

162 2613 367 2668 conlectoribus
381 2615 466 2668 nreiei
483 2615 581 2668 Nonne
593 2626 659 2667 ecce
668 2615 718 2668 illa
728 2615 924 2671 omniaiumar
935 2627 966 2672 et
