2050 2925
194 106 767 185 conrassrouunnreunvur.
827 134 889 185 mn
947 148 953 167 ι

68 231 211 292 Domino,
231 232 281 283 sed
299 231 329 281 in
347 246 378 283 se
390 232 474 299 ipsis,
492 229 615 299 putando
631 234 738 285 animae
750 241 877 285 naturam

67 299 126 350 boe
136 297 372 363 essequodDeus
383 305 436 361 est,
444 300 485 350 ita
493 299 561 350 laeti
573 306 636 351 suat
646 300 791 356 densiores
801 308 877 352 tene-

66 368 152 429 brae3
164 366 295 431 quoniam
307 366 419 433 longius
433 372 490 417 ate
500 374 678 419 recesserunt
688 366 827 419 horrenda
836 383 878 419 ar·

65 433 475 499 rogantinatesterolumine
486 433 659 488 illuminante
672 448 780 485 omnem
790 433 877 485 horni-
906 473 907 477 ,
956 490 959 493 ,

66 515 134 551 nem
152 500 312 550 ienientem
325 500 355 549 in
368 498 441 551 bunc
454 500 594 553 mundum.
629 501 792 563 Adtendite,
812 502 877 568 quid

65 566 188 628 dicatis,
203 572 232 616 et
241 566 412 630 erubescite,
427 574 456 618 et
466 568 592 619 accedite
604 568 639 619 ad
649 584 726 631 eum,
738 574 767 618 et
777 568 877 619 illumi-

65 634 190 694 namini,
210 639 239 682 et
255 634 348 684 vultus
360 637 447 685 vestri
458 650 514 685 non
529 635 702 687 erubescent.
737 634 799 702 Ego
815 650 877 701 eum

65 699 274 762 deliberabam,
285 702 380 751 utiam
389 702 524 752 servirem
531 700 653 753 Domino
663 702 726 753 Deo
736 716 813 765 meo,
825 703 877 753 sic-

63 769 163 820 utdiu
177 767 383 833 disposueram,
397 782 451 836 ego
465 780 543 829 eram
552 769 599 837 qui
608 770 749 833 volebam,
763 784 818 836 ego
830 770 878 839 qui

61 836 220 896 nolebam,
235 849 289 901 ego
309 850 362 903 ego
375 838 459 887 erant.
494 834 554 887 Nee
571 836 653 903 plene
665 837 805 900 volebam,
822 852 875 887 nec

51 904 150 969 'plene
162 902 301 951 nolebam.
336 902 403 953 ldeo
414 918 522 954 meeum
533 904 743 968 contendebam,
756 911 785 955 et
794 904 875 955 dissi·

64 970 233 1037 pabarame
244 970 316 1035 ipso'.
334 970 370 1020 Et
379 970 442 1037 ipsa
452 970 599 1036 dissipatio
609 984 653 1021 me
663 972 751 1021 invito
763 970 874 1037 quidem

1 1071 10 1083 .
65 1036 874 1099 fiebat,nectamenostendebatnaturammentisalienue,

45 1149 51 1153 .
65 1105 117 1155 sed
137 1116 366 1171 poenammeae.
401 1104 438 1153 Et
449 1102 514 1153 ideo
530 1117 587 1153 non
599 1104 655 1153 iam
667 1114 721 1171 ego
736 1100 874 1170 operabar

63 1168 885 1237 illam,sedquodhabitabatinmepeccatumdesupplicio·

65 1238 216 1296 liberioris
234 1239 356 1304 peccati,
374 1238 441 1305 quia
456 1252 532 1289 eram
547 1238 621 1289 filius
635 1238 729 1291 Adam.
765 1238 835 1289 Nam
849 1241 873 1289 si
901 1235 909 1241 “

64 1311 111 1366 tot
125 1311 195 1356 sunt
206 1306 364 1356 contrariae
377 1312 505 1368 naturae,
519 1312 587 1373 quot
599 1306 757 1357 voluntates
767 1306 820 1357 sibi
831 1320 873 1356 re·

64 1373 182 1434 sistunt,
193 1374 314 1424 nonium
324 1374 408 1436 duae,
420 1373 470 1423 sed
478 1374 573 1440 plures
584 1380 677 1425 erunt:
696 1372 725 1427 Si
736 1373 874 1424 deliberet

65 1441 225 1507 quisquam,
233 1445 325 1492 utrum
334 1442 370 1493 od
378 1441 603 1493 conventiculum
614 1455 710 1492 eorum
719 1446 826 1508 pergat,
838 1454 873 1491 an

66 1507 103 1557 ad
116 1506 271 1570 theatrum,
292 1509 412 1559 clamant
423 1510 483 1558 isti:
501 1509 576 1558 Ecce
591 1507 662 1558 duae
677 1514 804 1571 naturae,
818 1523 874 1561 una
899 1548 902 1556 ,

63 1573 144 1627 hona
157 1572 212 1622 bac
225 1574 313 1635 ducit,
329 1576 418 1625 altera
428 1575 578 1626 rnalaillac
587 1574 708 1638 reducit3
727 1589 789 1624 narn
800 1575 872 1624 unde
937 1613 942 1622 ,

65 1639 872 1708 istacunctatiosibimetadversantiumvoluntatumlEgo

67 1713 165 1758 autem
179 1705 243 1756 dico
256 1707 352 1758 ambas
363 1707 464 1770 malas,
484 1713 514 1758 et
527 1721 597 1774 quae
611 1707 646 1758 ad
658 1707 724 1758 illos
735 1704 823 1769 ducit,
845 1715 874 1757 et
909 1718 911 1727 ⁴

68 1789 141 1840 quae
156 1774 193 1824 ad
202 1771 341 1825 theatrum
350 1774 468 1825 reducit.
504 1773 561 1826 Sed
570 1790 626 1825 non
636 1774 753 1826 credunt
762 1774 816 1824 nisi
825 1773 873 1823 bo-

63 1855 133 1893 uam
147 1855 224 1903 esse,
242 1855 297 1908 qua
307 1842 365 1892 itur
376 1840 412 1908 ad
425 1855 484 1893 eos.
521 1841 594 1902 Quid
608 1843 632 1892 si
646 1855 713 1908 ergo
728 1843 873 1907 quisquam

67 1915 195 1960 nostrum
204 1908 350 1971 deliberet,
359 1915 491 1961 etseeum
501 1909 699 1960 altercantibus
709 1908 815 1959 duabus
825 1923 871 1958 vo·
885 1917 889 1932 ’

69 1972 224 2027 luntatibus
235 1975 358 2039 fluctuet,
373 1973 464 2027 utrum
474 1977 510 2027 ad
520 1975 658 2027 theatrum
668 1983 774 2043 pergat,
790 1990 824 2026 an
835 1975 870 2026 ad

70 2043 218 2094 ecelesiam
234 2050 367 2107 noemam,
383 2058 476 2094 nonne
486 2049 515 2094 et
524 2043 581 2108 isti,
596 2043 663 2111 quid
672 2044 869 2110 respondeant,
901 2052 905 2063 '

70 2104 259 2161 fluctuabuntl
267 2112 321 2162 Aut
330 2112 403 2163 enim
413 2109 583 2174 fatebuntur,
593 2111 668 2178 quod
678 2113 784 2172 nolunt,
795 2110 870 2160 bona

69 2175 213 2227 voluntste
231 2179 311 2245 pergi
322 2179 351 2229 in
365 2179 512 2230 ecclesiam
525 2186 661 2240 nostram,
681 2181 753 2229 sieut
765 2178 794 2228 in
808 2183 868 2228 eam

69 2250 197 2307 pergunt,
208 2245 255 2308 qui
265 2246 445 2296 sacramentis
456 2247 516 2296 eius
527 2245 626 2295 imbuti
633 2251 696 2296 sunt
706 2252 788 2314 atque
800 2244 868 2294 deti·

69 2315 179 2359 nentur:
191 2316 239 2359 aut
246 2310 314 2361 duas
321 2309 408 2362 malas
414 2318 537 2374 naturas,
546 2317 575 2362 et
586 2313 657 2364 duas·
663 2312 749 2377 malas
761 2317 868 2361 mentes

66 2370 97 2420 lu
114 2389 170 2425 uno
188 2374 300 2426 homine
313 2378 464 2445 confligere
476 2379 626 2444 putabunt;
645 2384 674 2428 et
686 2395 740 2428 non
757 2377 810 2427 erit
822 2389 880 2428 ve-v

68 2449 137 2504 rum,
146 2443 221 2508 quod
231 2443 324 2495 solent
332 2446 519 2507 dicereunom
527 2445 636 2507 bonam,
648 2451 677 2495 et
686 2446 803 2494 alteram
811 2455 869 2492 ma-

68 2501 131 2557 lama
141 2516 190 2559 aut
196 2517 392 2562 convertentur
398 2511 434 2562 ad
440 2518 580 2574 rerum,et
588 2527 644 2562 non
652 2511 800 2576 negabunt,
806 2523 867 2560 cunr

69 2574 870 2642 quisquedeliberatamnramunamdiversisvoluntatibus

68 2647 204 2715 aestuare.
231 2644 289 2698 lam
299 2659 367 2714 ergo
377 2659 433 2698 non
443 2645 546 2710 dicant,
557 2659 618 2697 eum
630 2644 698 2695 duas
708 2641 866 2694 rolrmtatas
892 2672 894 2678 ψ
