2050 2925
129 212 136 226 ,
197 157 735 214 GONFESSIONUMLIBERVI.
836 162 869 215 81
925 186 927 191 ’

64 260 130 314 Non
141 260 215 311 enim
227 260 506 328 obsidebatspiritum
516 261 576 312 eius
589 261 749 324 vinolentia,
755 276 871 328 eamque

65 327 231 379 stimulabat
242 328 272 377 in
286 327 380 379 odium
393 328 453 378 reri
466 342 545 378 amor
556 328 625 391 vini,
639 329 713 378 sicut
721 328 871 395 plerosque

65 410 160 446 mares
171 400 200 444 et
209 393 341 456 ienainas,
356 394 404 461 qui
415 394 599 445 adcanticum
610 394 784 455 sobrietatis,
799 396 872 447 sicut

66 462 104 512 ad
115 461 261 527 potionem
271 466 400 526 aquatam
407 460 510 511 madidi
521 467 665 512 nauseant.
685 459 741 513 Sed
751 461 800 511 iila
810 475 871 512 cum
968 469 972 477 '

66 528 219 579 adtulisset
233 528 382 578 canistrum
393 542 454 579 cmn
467 526 638 579 solemnibus
653 527 743 593 epuiis
755 542 872 593 praegu-
946 564 956 569 -

66 595 178 646 standis
191 599 274 661 atque
287 593 333 644 lar
355 594 455 656 endis,
471 594 534 660 plus
546 594 630 645 etiam
640 608 721 660 quam
731 606 815 645 unum
825 608 874 660 po·

66 662 165 713 cilium
179 675 229 726 pro
240 674 291 711 suo
302 675 338 726 pa
350 666 398 711 ato
408 662 478 712 satis
488 660 616 713 sobriote
624 666 789 729 mperatum,
800 662 878 711 unde

68 728 262 795 dignationem
281 733 414 789 sumeret,
435 742 491 778 noa
529 727 640 779 oncbat.
675 726 712 779 Et
731 727 755 778 si
768 727 873 779 multae

67 799 179 856 essent,
195 808 265 859 quae
280 793 329 844 illo
343 794 429 845 modo
441 743 608 845 vidcgantur
622 792 801 846 honorandae
817 808 873 845 me·

65 861 176 913 moriac
187 858 390 922 defunctorum,
397 860 471 911 idem
480 862 572 925 ipsum
581 876 674 923 unum,
685 859 761 928 quod
769 861 873 928 ubique
921 888 924 891 ·

66 933 201 996 poneret,
214 926 440 990 circumferebat,
456 942 511 994 quo
521 928 577 977 iam
586 941 641 978 non
652 927 742 979 solum
752 928 873 995 aquatis·

67 997 155 1057 simo,
169 993 221 1045 scd
234 995 318 1045 etiam
331 995 521 1060 tepidissimo,
535 1007 597 1044 erun
611 994 872 1060 suispraesentibus

66 1077 120 1130 per
130 1061 301 1113 sorbitiones
312 1064 428 1127 exiguas
439 1061 601 1126 partiretur3
619 1060 683 1125 quain
691 1060 823 1126 pietatem
835 1060 874 1110 tbi

67 1129 236 1197 quaerebat,
250 1142 306 1179 non
320 1128 499 1194 voluptatem.
534 1126 631 1192 ltaque
645 1123 694 1177 ubi
708 1130 844 1193 comperit
857 1142 874 1177 a
972 1134 979 1139 ·

66 1196 216 1264 praeclaro
228 1195 423 1261 praedicatore
437 1199 520 1261 atque
534 1194 660 1245 antistite
669 1194 784 1261 pietatis
794 1207 873 1259 prae·
934 1250 941 1260 ,

68 1270 183 1329 ceptum
193 1276 268 1324 csse,
282 1262 339 1313 ista
347 1276 404 1313 non
413 1261 487 1324 fieri,
498 1260 592 1313 necab
603 1262 658 1324 eis,
669 1262 716 1327 qui
728 1261 822 1313 sobrie
830 1260 872 1312 ia-

69 1335 217 1391 cerent,ne
227 1329 403 1381 ullaoccasio
416 1342 447 1380 se
457 1328 647 1395 ingurgitandi
658 1328 772 1381 daretur
782 1327 873 1382 ebrio·

68 1399 122 1460 sis3
142 1402 172 1446 et
183 1396 248 1461 quia
259 1397 309 1447 iila
339 1397 401 1448 uasi
413 1396 569 1465 parentalia
581 1396 774 1462 superstitioni
784 1395 872 1464 genti·

68 1465 140 1517 lium
155 1470 251 1515 essent
263 1411 416 1526 sindana,
436 1462 572 1515 abstinuit
586 1464 825 1534 se-libentlpsim03
845 1471 874 1514 et

67 1547 122 1604 pro
138 1531 260 1582 maiano
273 1532 357 1599 pleno
367 1532 487 1582 terrenis
503 1530 640 1582 fructibus
651 1530 763 1596 plenum
773 1543 872 1597 purga-

69 1598 192 1653 tioribus
202 1599 275 1648 votis
285 1603 383 1665 pectus
393 1598 430 1649 ad
437 1596 588 1647 memorias
598 1603 751 1662 martynum
762 1595 873 1647 adferre

69 1669 272 1730 didicerat;.ut
285 1671 313 1716 et
326 1664 402 1732 quod
413 1671 512 1731 posset
524 1663 604 1714 daret
617 1661 776 1741 egentibus,
791 1663 873 1712 etsie

70 1732 287 1787 communicatio
299 1731 441 1783 Dominici
460 1730 588 1794 corporis
601 1730 661 1780 iilrc
674 1727 873 1790 celebraretur,

71 1799 152 1853 euius
162 1802 304 1867 passionis
314 1799 472 1850 imitatione
482 1796 620 1848 immolati
631 1802 659 1847 ct
671 1795 798 1846 coronati
808 1806 874 1846 suut

69 1876 219 1934 martyres.
256 1866 312 1919 Sed
330 1870 424 1918 tamen
437 1865 548 1917 videtur
561 1861 642 1924 mihi,
662 1862 782 1917 Domine
795 1861 872 1914 Deus
895 1897 899 1901 -

69 1941 194 1996 meus,et
203 1935 242 1985 ita
251 1940 296 1985 est
305 1935 335 1985 in
345 1939 497 2000 conspectu
505 1937 554 1982 tuo
563 1931 597 1982 de
608 1928 660 1980 hac
670 1943 701 1980 re
712 1943 872 1992 cormeum,

69 2017 128 2054 non
143 2001 228 2052 facile
240 1999 363 2068 fortasse
377 1998 411 2050 de
425 1998 477 2050 bac
490 1996 872 2062 amputandaeousuetudine

69 2076 190 2126 matrem
198 2083 288 2119 meam
301 2067 390 2118 basse
401 2080 554 2128 cessuram,
568 2065 593 2116 si
599 2064 634 2115 ab
645 2063 701 2116 alio
711 2063 872 2131 prohibere·

69 2144 125 2197 tur,
132 2151 214 2202 quem
224 2150 281 2186 non
290 2136 364 2186 sicut
370 2133 545 2184 Ambrosium
555 2131 702 2198 diligebat,
717 2145 798 2197 quem
809 2145 872 2200 pro·

70 2211 134 2270 pter
143 2202 262 2271 salutem
271 2216 360 2253 meam
369 2200 488 2257 maxime
502 2198 649 2266 diligebam
669 2212 730 2248 eam
742 2213 808 2250 vero
822 2197 872 2248 ille

70 2275 188 2337 propter
198 2270 258 2319 eius
268 2267 510 2335 religiosissimam
519 2265 768 2328 conversationem,
780 2266 872 2332 quain

71 2337 154 2388 bonis
175 2336 306 2402 operibus
317 2341 375 2386 tam
386 2334 498 2384 fervens
512 2333 610 2398 spiritu
620 2329 816 2399 frequentabat
828 2345 872 2382 ec·

72 2404 200 2465 elesiam,
214 2403 255 2452 ita
267 2409 298 2452 ut
307 2415 391 2468 saepe
401 2407 570 2467 erumperet,
585 2415 646 2449 cum
656 2399 829 2459 merideret,
843 2398 871 2446 in

73 2471 134 2520 eius
145 2468 394 2538 praedicationem,
408 2467 550 2534 mtuians
560 2463 629 2521 mihi
639 2465 714 2531 quod
723 2464 808 2515 talem
816 2475 872 2514 ma·

71 2544 145 2597 trem
158 2536 302 2597 haberem,
321 2535 449 2586 nesciens
462 2533 572 2600 qualem
585 2532 636 2582 illa
647 2545 691 2581 me
705 2529 805 2590 tilium,
825 2531 872 2595 qui

73 2602 235 2655 dubitabam
255 2601 290 2653 de
308 2601 365 2652 illis
380 2600 519 2661 omnibus,
534 2605 563 2650 et
574 2597 691 2648 inveniri
704 2609 787 2664 posse
799 2597 878 2659 riam

73 2671 154 2721 ritae·
161 2669 273 2720 minime
283 2668 421 2734 putabam.

106 2745 243 2793 Aucusr.
264 2742 408 2785 corrasa.
645 2727 682 2790 F,
