2050 2925
219 142 748 200 consessionuumaunrv.
779 104 784 108 ’
847 147 882 199 n
976 193 998 227 „

79 263 159 313 θῆρες
179 249 260 299 etrel
270 247 367 300 haberi
376 247 452 309 odio,
463 262 545 313 quam
554 248 596 299 sic
605 248 700 300 amari.
727 247 881 300 Ubidistri·

77 318 202 369 buuntur
219 317 275 366 ista
293 315 417 380 pondera
434 315 794 365 variorumetdiversorum
807 330 881 366 amo-
928 364 936 371 ,

76 399 142 435 rum
152 384 181 434 iu
191 384 283 433 anima
295 380 367 431 unat
385 380 456 442 Quid
467 388 522 444 cst,
532 381 607 448 quod
617 396 680 432 amo
689 382 718 431 in
727 382 797 444 alio,
808 381 882 448 quod

77 464 178 501 rursus
191 450 247 500 nisi
261 449 398 510 odissem,
413 462 468 498 uon
482 462 551 499 ame
561 448 719 499 detestarer
728 449 882 515 etrepelle-

77 532 149 579 rem,
161 529 221 568 euru
232 516 270 567 sit
279 520 395 581 uterque
405 521 531 566 nostrum
541 514 641 566 bomoi
654 513 718 567 Non
727 516 800 566 enim
810 516 889 586 sicut!>

78 599 169 651 equus
179 582 269 635 bonus
279 582 429 633 amaturab
440 596 484 643 eo,
495 582 543 649 qui
552 581 641 633 nollet
649 580 704 633 boc
714 596 787 645 esse,
798 583 881 633 eoam
936 643 937 652 ἵ
974 625 976 628 .

77 654 105 703 si
118 656 232 717 posset,
248 648 301 699 boo
316 658 345 699 ct
358 648 394 698 de
403 647 540 701 histrione
549 649 695 701 dicendum
705 655 762 713 est,
777 650 825 717 qui
834 662 881 701 ne·

75 726 161 769 turae
178 724 292 769 nostrae
312 716 405 767 soclus
424 721 476 767 est.
510 716 550 767 Er
571 731 701 768 oneamo
715 717 744 767 in
758 716 880 778 homine,

77 784 217 852 qnod‘odi
232 796 308 845 osse,
325 796 387 833 eum
401 782 452 833 sim
468 731 569 833 romei
586 782 698 835 Gnade
712 784 880 850 protundum

77 858 124 901 est
137 851 198 916 ipse
208 849 305 912 bomo,
319 849 397 900 ouius
412 850 496 901 etiam
507 850 625 917 capillos
634 857 675 914 tu,
684 849 819 912 Domine,
830 866 878 901 nu·

74 922 203 969 metatos
222 916 322 978 habes,
342 922 371 967 et
388 930 444 967 non
461 917 622 967 minuuntur
640 918 670 968 in
683 924 725 979 te;
745 925 878 979 ettamen

76 984 175 1051 capilli
189 984 250 1035 eius
262 985 351 1051 magis
364 984 552 1035 numerabiles
565 989 642 1045 sunt,
655 998 737 1049 quam
751 984 878 1035 adfectus

22 1090 25 1095 .
79 1052 157 1113 eins,
172 1057 200 1102 et
210 1058 301 1103 motus
312 1050 405 1101 cordis
415 1051 485 1101 eius.
520 1050 612 1100 Atille
621 1049 719 1100 rhetor
729 1063 806 1101 exeo
817 1057 879 1101 erat
915 1094 920 1099 .

76 1131 197 1185 genere,
212 1132 292 1184 quem
303 1118 343 1169 sic
354 1116 491 1178 amabam,
505 1122 538 1166 ut
546 1116 646 1166 vellem
654 1130 703 1167 me
709 1131 774 1169 esee
783 1117 878 1179 talem,

76 1190 107 1235 et
121 1184 246 1235 errabam
259 1184 360 1252 typho,
377 1195 406 1235 et
421 1181 637 1234 circumferebar
649 1186 724 1235 osmi
738 1191 835 1247 vento,
849 1192 879 1236 et

74 1252 160 1303 nimis
175 1253 284 1303 occulte
298 1250 473 1319 gubernabar
487 1250 589 1301 abste.
622 1251 659 1301 Et
672 1252 833 1314 undesoio,
849 1259 878 1303 et

72 1319 151 1369 unde
164 1325 255 1371 certus
270 1320 407 1371 confiteor
420 1318 486 1381 tibi,
500 1320 575 1385 quod
588 1317 704 1370 illumin
715 1334 809 1371 amore
819 1320 866 1371 lau

75 1386 201 1435 dantium
216 1387 306 1454 oragis
320 1400 490 1449 amaveram,
509 1400 590 1452 quam
605 1386 634 1437 in
647 1387 731 1439 rebus
742 1388 824 1453 ipsis,
840 1388 875 1438 tle

75 1451 184 1520 quibus·
196 1451 376 1506 latrdabaturi
394 1452 469 1514 Quia
477 1454 502 1506 si
515 1469 570 1504 non
583 1452 725 1506 laudatum
735 1456 874 1520 vitupera·

74 1525 141 1570 rent
154 1535 216 1571 eum
226 1509 310 1572 iidem
320 1521 383 1587 ipsi,
394 1527 423 1572 et
432 1521 614 1586 vimperando
625 1526 708 1588 atque
719 1521 874 1588 spernendo
929 1523 934 1529 '

75 1587 395 1653 eaipsauarrurent‚nou
405 1586 574 1638 accenderer
582 1588 725 1638 ineumet
733 1601 790 1637 non
800 1588 878 1637 enei-¹

72 1661 161 1705 tarer.
196 1655 233 1706 Et
246 1661 378 1707 certares
389 1669 445 1705 non
455 1654 529 1704 aliae
540 1653 647 1715 forent,
659 1667 711 1704 neo
721 1651 804 1716 bomo
814 1655 875 1720 ipse

72 1721 162 1783 alius,
180 1722 230 1773 sed
248 1721 439 1774 tantummodo
461 1721 534 1772 alius
546 1720 673 1772 adiectus
696 1720 874 1771 numantiam.

72 1789 160 1850 Ecce,
174 1789 221 1840 ubi
235 1790 309 1842 iacet
326 1791 417 1841 anima
426 1789 536 1842 infirma
548 1788 670 1839 nonum
679 1785 798 1837 haerens
809 1787 875 1837 soli-
918 1807 923 1810 ·

72 1855 157 1906 ditati
167 1857 309 1909 veritatisl
319 1857 410 1909 Sicut
420 1856 705 1922 auraelinguaruin
719 1853 875 1904 flaverint

70 1938 89 1972 a
102 1924 290 1989 pectoribus
308 1925 523 1993 opinantium,
541 1924 590 1973 ita
606 1923 712 1973 fertur
729 1926 763 1971 et
777 1921 886 1972 verti.
934 1973 938 1980 ,

69 1998 125 2040 tur
146 1997 320 2057 torquetur
343 1996 618 2058 contorquetur,
646 1994 679 2041 et
702 1987 871 2039 obnubila-

7 2091 14 2095 -
69 2064 125 2106 tur
136 2059 165 2107 ei
178 2057 289 2122 lumen,
307 2063 340 2109 ct
355 2070 417 2110 uon
435 2059 578 2109 cernitur
590 2057 721 2109 veritas.
756 2056 793 2106 Et
804 2069 870 2107 ecoe

71 2130 190 2174 estante
203 2139 265 2176 nos.
299 2125 612 2204 Etmagnumquiddam
619 2122 688 2175 mibi
697 2129 768 2185 erat,
781 2122 870 2173 siser-

69 2205 117 2240 mo
127 2191 532 2243 meusetstudiameaillivuo
542 2193 759 2242 innotescerent.
793 2189 870 2250 Quae
959 2226 962 2230 ,

69 2259 95 2306 si
108 2257 251 2323 probaret,
266 2257 413 2326 flagrarem
426 2259 528 2324 magie3
543 2260 568 2309 si
584 2264 678 2309 autem
690 2255 868 2322 improbaret,

69 2325 247 2376 sauciaretur
261 2340 310 2376 cor
322 2339 422 2376 vanum
432 2330 461 2374 et
471 2325 553 2375 inane
563 2325 715 2376 soliditatis
724 2331 798 2374 tuae.
833 2322 870 2371 Et

65 2397 161 2445 tamen
172 2390 314 2457 pulchrum
325 2391 394 2445 illud
402 2398 485 2458 atquo
492 2394 594 2458 aptum,
602 2391 675 2442 unde
684 2390 720 2440 ad
729 2404 791 2440 eum
802 2389 868 2438 scri·

65 2472 192 2526 pseram,
208 2459 327 2509 libenter
338 2460 429 2509 animo
442 2459 597 2521 versabam,
610 2458 645 2507 ob
657 2471 689 2507 os
701 2452 867 2519 contempla·

64 2525 155 2576 tionis
165 2537 257 2588 meae,
272 2531 301 2575 et
310 2525 386 2576 nullo
397 2525 589 2576 collaudatore
596 2523 728 2576 mirabar.
819 2551 889 2568 ,‚..„
910 2551 928 2561 -.

58 2611 70 2618 ·
119 2592 150 2640 c.
167 2591 228 2644 XV.
265 2591 319 2644 Sed
330 2598 423 2643 tantae
432 2593 474 2643 rei
485 2591 664 2642 earlinemiu
673 2593 735 2636 arte
742 2591 791 2637 tua
800 2599 866 2636 non·

65 2659 133 2710 dum
142 2658 280 2722 videbam,
291 2659 482 2735 Omnipotens,
490 2660 538 2727 qui
547 2657 618 2709 faeie
627 2653 767 2707 mirabilia
775 2652 866 2714 solus,
