2050 2925
128 109 133 118 ’
171 144 222 195 rrs
256 158 265 169 κ
366 140 794 203 ΑυκειιιΑυαυετιΝι,

168 244 224 306 vit,
237 243 311 310 quod
323 260 379 295 non
392 245 491 296 silebo.
526 244 620 294 Habet
633 246 705 294 enim
717 253 845 309 magnam
857 242 977 295 laudem

169 312 278 377 gratiae
296 317 362 362 tuae
378 310 565 362 confitendam
580 311 646 373 tibi,
684 308 977 372 uemadnrodumxille

168 378 350 428 doctissimus
368 391 466 439 senex,
486 383 516 427 et
526 378 646 428 omnium
659 377 678 428 li
700 376 815 429 eraliunr
829 376 978 427 doctrina-

166 456 229 493 rum
243 445 442 509 peritissimus,
458 444 559 509 quippe
571 442 802 510 pbilosophorum
813 448 872 493 tarn
884 444 979 495 multa

167 509 278 576 legerat
285 518 315 560 et
321 510 524 561 diiudicarerat
533 509 575 575 [ct
582 507 807 575 dilucidaverat],
815 508 922 560 doctor
931 518 978 561 tot

167 577 303 627 nobilium
316 583 488 638 senatorum,
502 578 549 643 qui
563 577 646 626 etiarn
661 576 696 626 ob
709 576 820 641 insigne
830 576 976 642 praeclari

166 643 336 709 magisterii,
351 643 425 709 quod
438 643 515 693 cives
526 641 606 697 huius
616 642 711 696 mundi
721 640 852 693 eximium
862 648 975 708 putant,

167 714 288 761 statuam
294 710 323 759 in
330 710 454 759 Romano
461 708 525 758 toro
532 715 673 759 meruerat
680 714 709 758 et
715 714 873 774 acceperat,
882 724 976 775 usquc

166 774 203 825 ad
216 776 294 825 illam
307 780 428 825 aetatem
440 780 591 825 venerator·
603 775 755 836 idolorum,
768 788 973 841 sacrorumque

166 841 368 907 sacrilegorum
375 841 529 907 particeps,
543 841 641 906 quibus
651 846 717 891 tunc
725 846 788 891 tota
796 840 857 891 lere
866 841 971 893 Roma·

164 920 202 956 ua
213 907 347 957 nobilitas
357 906 454 957 inflata
461 908 616 973 inspirabat
623 908 727 974 populo
736 909 792 957 iam
802 913 832 958 et
842 910 969 974 carnige-

165 975 230 1025 urlm
240 972 322 1042 deum
331 980 467 1037 monstra,
478 980 507 1024 et
516 974 637 1025 Anubem
647 972 824 1035 latratorem,
833 988 907 1040 quae
917 973 969 1023 uli-

166 1039 277 1105 quaudo
300 1046 398 1093 contra
417 1040 575 1108 Neptunum
593 1039 788 1102 attererem,
811 1046 967 1107 co'utraque

165 1106 320 1158 Minervam
327 1109 547 1169 telateuuerant,
555 1112 608 1156 eta
617 1120 647 1157 se
656 1107 737 1157 victis
745 1107 799 1157 ianr
806 1106 956 1173 ltonrasup
971 1138 979 1145 ,

165 1174 301 1239 plicabat,
321 1189 392 1240 quae
410 1176 465 1225 iste
479 1188 566 1225 senex
578 1172 739 1224 Victorinus
750 1178 796 1223 tot
808 1188 898 1224 annos
915 1188 966 1225 ore

164 1240 320 1306 terricrepo
336 1239 570 1301 defensitaverat,
587 1254 643 1290 uon
653 1240 799 1291 erubuerit.
813 1254 880 1291 esse
895 1254 967 1306 puer

165 1302 269 1368 christi
278 1306 332 1367 tui,
346 1304 376 1355 et
384 1304 475 1355 intans
484 1304 572 1355 fontis
581 1307 635 1369 tui,
646 1305 773 1357 subiecto
784 1306 860 1359 collo
869 1309 907 1359 ad
916 1306 965 1358 bu·

164 1371 291 1421 militatis
305 1372 333 1420 iu
355 1386 411 1432 unr,
426 1375 454 1421 et
467 1370 591 1422 edomita
603 1371 696 1422 fronte
709 1372 746 1421 ad
758 1374 849 1423 crucis
863 1388 963 1441 oppro-

162 1435 263 1487 brium.
299 1386 598 1501 Ossominedlomine,
608 1440 657 1506 qui
666 1436 808 1490 inclinasti
817 1440 923 1502 coelos,
934 1451 963 1509 et

165 1503 344 1568 descendisti,
351 1506 470 1572 tetigisti
477 1505 851 1573 montes,etfurnigaverunt;
862 1507 962 1574 quibus

72 1604 75 1608 ι
164 1571 256 1622 modis
273 1578 302 1622 te
321 1573 469 1624 insinuasti
482 1573 527 1622 illi
537 1573 662 1640 pectorit
678 1573 817 1640 Legebat,
837 1575 962 1625 sicutait

89 1656 92 1661 ·
165 1636 374 1704 simplicianus,
392 1646 515 1691 sanctam
529 1641 707 1706 scripturam,
721 1655 872 1708 omnesque
885 1639 951 1692 elur

38 1733 41 1745 ·
164 1706 269 1756 stianus
279 1707 377 1774 literas
386 1707 574 1772 investigabat
582 1707 790 1758 studiosissime
792 1714 950 1774 et.perscru

2 1792 9 1800 x
64 1826 67 1829 ,
163 1771 949 1840 tabatrrr3etdlcebatSimplicianononpalam‚sedsecre

163 1838 221 1889 tius
240 1846 268 1888 et
285 1839 610 1902 familiarium-,noveris
628 1855 672 1892 nse
684 1842 741 1891 iarn
753 1855 815 1892 ease
827 1839 960 1892 Christia-

116 1916 118 1923 '
163 1908 258 1956 num.“
279 1905 315 1955 Et
324 1907 512 1972 respondebat
521 1907 581 1958 illes
598 1922 673 1970 „non
685 1908 805 1970 credam,
816 1909 867 1960 nec
877 1909 958 1988 depu-

93 1981 99 1987 ·
163 1970 231 2020 tabo
243 1976 274 2020 te
285 1972 359 2022 iuter
371 1971 558 2034 Christianos,
574 1975 670 2024 nisiin
683 1975 806 2028 ecclesia
818 1972 957 2025 Cbrlstrte

152 2035 291 2096 ,viderofl
315 2037 366 2088 llle
374 2044 467 2088 autem
475 2040 612 2091 irridebat
621 2041 728 2092 dicens:
739 2055 827 2108 „ergo
837 2041 957 2108 parietes

162 2099 270 2152 iaciunt
283 2101 492 2155 Christianosl“
509 2105 546 2156 Et
558 2105 613 2158 hoc
626 2123 657 2158 sa
723 2107 914 2170 dicebantur
925 2123 955 2159 se

162 2165 430 2233 essccbristiaasnr3
441 2177 470 2222 et
478 2170 671 2240 simplicianus
679 2174 748 2226 rllud
755 2188 838 2241 saepe
845 2187 955 2240 resper-

163 2233 258 2296 debat,
273 2241 302 2286 st
313 2251 398 2303 saepe
411 2238 509 2289 abillo
522 2241 658 2306 parietum
667 2241 763 2292 irrisio
771 2239 953 2308 repetebatur.

161 2301 271 2353 amcos
291 2304 364 2354 enim
381 2319 449 2356 suos
467 2307 646 2356 reverebatur
664 2306 808 2358 offendere
821 2307 953 2374 superbos

155 2366 381 2436 daemonicolas,
399 2384 517 2437 'quorum
535 2387 569 2423 ex
582 2374 700 2424 culmine
713 2374 903 2440 Babylonicae
915 2375 952 2424 di-

161 2437 285 2500 gnitatis,
294 2440 415 2502 quasiex
425 2439 517 2489 cedris
527 2439 636 2501 Libani,
645 2455 713 2506 quas
723 2439 844 2492 nondum
854 2441 952 2490 coutri-

161 2511 242 2555 verat
251 2503 399 2566 Dominus,
417 2505 541 2570 graviter
557 2506 679 2558 ruituras
697 2508 726 2558 iu
744 2520 782 2558 re
794 2506 952 2558 inimicitias

160 2571 355 2621 arbitrabatur.
387 2567 952 2640 Sedposteaquanr‘lcgendoetinbiaudo

159 2629 253 2686 bausit
267 2637 437 2698 trinitatem,
449 2638 596 2703 timuitque
606 2642 702 2707 negari
713 2656 730 2692 a
740 2639 850 2690 Cbristo
862 2653 953 2693 coram
