2050 2925
204 162 520 219 courmelois-usi
536 158 659 220 Linus
675 165 726 219 XI.
808 166 858 217 22³

62 264 200 333 poris'sol
212 265 413 319 oursnmiilnm
423 266 594 333 peregisset]
614 273 745 333 qnantum
758 265 858 319 estho-
961 304 965 309 -
1006 276 1007 283 ’

61 346 113 383 rae
123 332 556 399 unius3siseoundum,nonergo
564 334 787 395 essetdies,sisb
797 341 859 385 ortu

63 400 136 451 solis
149 414 237 465 usque
250 400 279 449 in
290 404 381 449 ortum
390 400 509 451 alterum
517 406 575 451 tani
583 398 676 451 brevis
686 414 765 451 mom
774 407 860 463 esset,

65 481 149 534 quam
162 474 206 517 est
219 464 307 517 horae
317 468 412 528 unius,
430 465 483 517 sed
491 466 578 517 vicies
589 472 618 517 et
628 472 725 533 quater
735 468 859 519 circumi·

63 540 110 585 ret
122 532 182 596 sol,
199 539 231 583 ut
241 532 366 599 expleret
375 533 461 597 diem;
480 534 674 599 sistrumque,
694 532 803 585 necille
815 534 860 584 sd·

63 600 216 667 pelleretur
229 598 302 662 dios,
320 598 346 650 si
359 597 446 651 home
460 602 551 668 spatio
566 600 612 651 sol
619 606 709 651 totum
722 615 800 651 suum
811 615 860 667 gy·

61 682 126 719 rum
144 666 315 729 circumiret,
331 681 385 717 neo
401 667 464 729 ille,
481 668 508 718 si
526 666 587 719 sole
606 672 734 719 cessante
752 674 859 718 tautum

62 734 198 801 temporis
208 734 383 802 proeteriret,
393 737 497 801 quanto
507 748 643 802 peregere
652 734 796 787 soltotum
804 748 860 785 nm·

63 801 154 852 bitum
169 800 205 852 do
219 814 300 853 mane
314 802 344 851 in
359 815 441 853 mune
457 800 576 853 adsolet.
610 800 777 869 Nonitaque
787 816 860 852 nune

64 881 208 933 quaeram,
227 867 294 934 quid
301 867 341 919 sit
348 868 517 933 illud,quod
525 873 641 921 vocatur
651 868 723 929 dies,
733 868 784 919 sed
794 868 860 935 quid

63 935 104 984 sit
114 940 230 1001 tempus,
241 949 296 1001 quo
306 936 454 988 metientes
463 934 533 985 solis
543 933 697 996 circuitum,
705 935 860 986 diceremus
893 962 897 966 ·

64 1016 130 1051 eum
143 1001 257 1053 dimidio
270 1001 361 1068 spatio
374 999 510 1066 temporis
523 1006 666 1065 peractum
679 1002 768 1051 minus
779 1014 860 1066 quam
911 1060 916 1067 Ι

63 1067 150 1129 solet,
156 1070 183 1119 si
192 1074 271 1118 tanto
280 1068 372 1132 spatio
382 1065 517 1131 temporis
526 1070 655 1131 peruetus
667 1072 751 1128 esset,
757 1073 859 1133 quanto

63 1140 237 1201 peraguntur
253 1131 340 1183 horae
355 1131 511 1184 duodecim.
546 1132 582 1183 Et
594 1138 739 1198 utrumque
751 1139 860 1198 tempus

62 1204 260 1265 comparantes
272 1198 428 1250 diceremus
437 1197 507 1251 illud
517 1198 569 1251 sim
578 1199 656 1262 vlum,
675 1197 729 1250 hoo
739 1199 859 1267 duplum,

64 1267 152 1318 etiam
161 1264 188 1317 si
199 1264 348 1333 aliqnando
361 1266 413 1317 iilo
423 1264 536 1331 siniplo,
550 1213 698 1333 aliquando
708 1268 763 1319 isto
775 1266 859 1333 duplo

64 1332 155 1385 solnb
165 1334 273 1383 oriente
283 1332 415 1399 usquead
426 1333 562 1385 orientem
573 1334 739 1385 circumiret.
769 1333 859 1387 Nemo

65 1414 137 1467 ergo
155 1397 223 1450 mihi
241 1399 317 1451 dicet
333 1400 498 1452 coelestium
517 1413 665 1468 corporum
682 1408 774 1453 motus
796 1415 859 1452 esse

64 1475 206 1534 temporo,
215 1469 281 1534 quis
289 1474 319 1518 ot
329 1467 473 1520 ouimdam
480 1474 548 1520 voto
559 1483 621 1520 eum
631 1467 675 1518 sol
684 1470 820 1529 stetisset,
830 1475 861 1528 ut,

65 1535 249 1586 victoriosum
258 1534 561 1601 proeliumperogeret,
570 1533 616 1584 sol
625 1531 782 1595 stabat,sed
791 1541 859 1585 tem·

63 1601 196 1670 posibut.
230 1600 286 1650 Per
294 1616 375 1652 sunm
383 1601 483 1666 quippe
493 1602 611 1664 spatium
621 1602 766 1664 temporis,
804 1599 860 1652 uod

64 1670 93 1720 ei
107 1667 263 1729 sufficeret,
281 1665 331 1716 ille
343 1679 436 1732 pugne
447 1672 529 1732 gesto
542 1671 624 1732 atque
637 1665 715 1716 finita
728 1673 779 1717 est.
786 1616 859 1732 lhos.

51 1728 217 1802 vlti,12ss.]
252 1730 343 1785 Video
353 1732 440 1810 igitur
452 1739 579 1812 tempus
593 1731 737 1799 quamdam
748 1747 810 1784 esse
820 1733 860 1784 di·

66 1801 246 1852 stentionem.
279 1797 442 1862 sedvideo,
460 1811 496 1850 un
507 1797 601 1852 videro
610 1797 679 1850 mihi
688 1799 800 1852 videori
817 1801 861 1852 Tu

66 1866 346 1930 denominabimus,
355 1865 467 1918 vetitas.
649 1922 651 1930 ,

118 1931 149 1986 C.
161 1931 262 1986 xxlv.
296 1931 388 1996 lobes,
397 1939 429 1984 ut
437 1932 629 2000 adprobem,si
638 1934 699 2000 quis
710 1934 784 1986 diost
792 1941 861 1986 tem·

65 2017 119 2068 pus
129 2015 192 2052 esse
202 2007 308 2055 motum
317 1999 458 2066 eorporisi
483 1998 645 2052 Noniubes.
680 1999 861 2069 Nemeorpus

65 2067 172 2119 nullum
198 2066 253 2120 nisi
276 2069 306 2118 in
327 2074 455 2134 tempore
474 2067 581 2127 moveri
602 2067 698 2120 audio:
727 2074 759 2119 tu
780 2068 861 2121 diois.

66 2135 160 2200 ipsum
177 2141 271 2186 autem
289 2135 416 2204 corporis
431 2141 536 2187 motum
548 2140 656 2201 tempus
670 2149 732 2189 esse
746 2150 801 2186 non
815 2150 860 2186 nn·

68 2201 129 2253 dio:
146 2201 333 2254 nontudiois.
368 2201 436 2252 cum
446 2202 519 2253 enim
528 2208 778 2270 moestus-eorpus,
793 2209 861 2254 tem·

67 2282 137 2335 pore
148 2270 262 2330 metior,
281 2282 363 2334 qnam
372 2268 420 2320 diu
428 2275 585 2331 moveatur,
596 2283 631 2320 ex
641 2285 695 2336 quo
704 2271 813 2320 moveri
821 2269 860 2318 in·

69 2335 151 2401 cipit,
169 2335 260 2386 donee
269 2334 387 2386 desinat
421 2333 458 2386 Et
467 2336 557 2386 sinon
567 2336 636 2398 vidi,
648 2351 682 2388 ex
691 2349 747 2403 quo
758 2335 862 2400 eoepit,

69 2408 98 2454 et
114 2407 276 2467 perseverat
288 2401 410 2462 moveri,
427 2409 459 2453 ut
472 2401 660 2464 nonvidesm,
679 2416 741 2454 oum
751 2401 863 2461 desinit,

69 2467 126 2520 non
137 2467 218 2520 valeo
227 2468 391 2530 neminie
399 2465 474 2519 forte
484 2482 519 2520 ex
529 2483 583 2535 quo
593 2468 688 2520 videre
697 2465 865 2534 incipimdo:
894 2481 896 2486 ·

70 2549 122 2586 nec
136 2534 270 2586 desinam.
307 2533 388 2595 Quod
400 2536 424 2586 si
434 2535 483 2587 diu
492 2535 588 2596 video,
598 2532 795 2594 ,tannimmodo
805 2533 865 2583 ion·

71 2617 137 2670 gum
151 2607 260 2668 tempus
273 2615 336 2652 esse
346 2602 489 2663 renuntio,
507 2616 563 2654 non
574 2606 666 2651 sutem
676 2605 805 2666 qnantum
816 2599 865 2660 sit3
891 2615 894 2619 ·

71 2671 139 2736 quia
155 2673 184 2718 et
201 2675 330 2735 quantum
347 2683 409 2720 sitm
425 2668 556 2730 dicimus,
576 2666 725 2718 collatione
740 2665 866 2725 dicimus,
