2050 2925
107 134 111 138 ’
160 146 527 201 :confessionum
544 145 670 201 Line-n
687 148 737 202 xi.
820 147 870 201 21⁹

62 250 220 315 praeterita
232 257 308 313 sunt,
321 251 378 301 iarn
390 264 447 301 nos
458 250 499 303 ibi
508 258 582 302 snm.
617 248 789 317 Ubicumque
801 264 869 329 ergo

62 321 144 377 sunt,
163 330 356 385 quaecumque
374 324 450 381 sant,
472 333 529 368 non
549 324 614 369 sunt
630 318 686 368 nisi
704 323 869 385 praesentia.

64 382 401 452 Quamquampraeterita
410 400 473 437 cum
481 399 549 437 vera
558 391 759 446 narrentanos
768 398 871 435 memo·

67 450 114 501 ria
131 450 312 517 proferuntur
330 467 387 504 non
399 466 445 503 res
459 454 551 519 insae,
560 466 643 520 ,quae
657 454 872 518 praeterierunt,

68 518 122 568 scd
139 519 225 569 rerba
243 527 381 585 concepta
398 534 433 571 ex
444 520 615 587 imaginibus
631 534 739 582 aarum,
759 519 874 585 quaein

66 584 162 637 animo
181 586 258 637 uelut
276 588 398 654 vestigia
410 603 461 655 per
474 602 573 639 sensus
585 586 792 655 praetereundo
806 585 873 636 fixe·

65 658 142 703 runt.
178 652 305 716 Pueritia
321 656 423 721 quippe
441 671 516 719 men,
535 670 609 723 quae
627 656 683 705 iem
696 669 752 705 non
769 659 824 715 est,
844 653 873 702 in

66 724 195 787 tempore
205 722 358 790 praeterito
369 729 427 793 est,
440 723 581 790 quodiam
590 738 647 774 non
655 727 713 784 est,
723 722 874 787 imaginem

53 792 136 838 'vero
146 788 215 852 eius,
226 804 289 841 enin
298 804 360 841 earn
367 791 465 859 recolo
475 797 604 853 etnarro,
615 791 644 841 in
654 790 797 859 praesenti
806 794 882 841 teni:
936 818 938 823 .

62 857 756 925 poreintueor,qniaestadhuciumenrorisruea.
774 856 873 907 Utrum

63 923 211 976 similissit
220 926 398 980 causaetiaur
406 925 658 992 praedicendorum
667 923 834 986 futurorum,
842 929 874 973 ut

63 1005 173 1055 rerum,
187 1006 259 1058 quae
272 993 394 1045 nondum
406 997 485 1054 sunt,
497 992 554 1041 ianr
566 991 734 1041 exsistentes
744 1004 873 1056 praesen·

62 1058 173 1109 tieutur
182 1059 331 1125 imagines,
346 1060 497 1127 confiteor,
506 1057 585 1109 Deus
594 1070 685 1118 meus,
696 1057 803 1107 neseio.
838 1056 872 1111 lr-

63 1124 117 1176 lud
135 1140 204 1177 sane
217 1126 291 1187 scio,
311 1140 362 1177 nos
376 1125 538 1192 plerumque
553 1122 751 1192 praemeditari
763 1122 872 1173 futuras

64 1192 198 1243 actiones
220 1191 344 1256 nostras,
368 1206 485 1259 eamque
506 1190 786 1259 praemeditationem
808 1196 872 1241 esse

59 1265 245 1327 praesentem
249 1278 258 1323 ;
275 1260 414 1312 actionem
422 1265 527 1323 autem,
538 1274 620 1327 quern
630 1259 873 1325 praemeditamur,

61 1327 191 1385 nondum
211 1342 286 1391 esse,
307 1329 374 1395 quia
392 1328 487 1379 futura
499 1334 556 1391 cst,
575 1342 656 1395 quam
670 1341 732 1379 cum
745 1326 875 1393 adgressi

60 1394 215 1459 fuerimus,
229 1401 260 1447 et
269 1396 344 1464 quod
352 1394 644 1462 praemeditabamur,
652 1408 736 1461 agere
748 1393 873 1461 coeperi-

63 1479 140 1527 mus,
158 1471 226 1516 tunc
240 1466 295 1516 erit
307 1465 358 1516 illa
371 1465 460 1527 actio,
474 1465 540 1531 qnia
553 1471 619 1514 tunc
633 1478 689 1512 non
703 1461 809 1525 futura,
823 1460 874 1512 sed

61 1545 202 1597 praesens
216 1538 268 1582 est
305 1530 426 1598 Quoquo
440 1531 525 1595 modo
539 1545 570 1580 se
580 1531 675 1596 itaque
686 1526 873 1580 habeatarca·

63 1613 104 1649 na
123 1599 288 1664 praesensio
306 1596 478 1659 sutrinorum,
498 1595 588 1647 videri
602 1595 657 1646 nisi
673 1595 748 1660 quod
761 1601 872 1646 estnon

62 1671 172 1732 potest.
201 1663 284 1726 Quod
293 1669 386 1715 autem
395 1667 451 1715 iarn
461 1668 513 1725 cst,
526 1677 582 1713 non
591 1660 723 1725 futurum,
735 1661 786 1714 sed
795 1675 873 1728 prae·

65 1747 134 1784 sens
145 1736 197 1782 est
232 1730 302 1782 Cum
312 1745 381 1798 ergo
391 1731 482 1782 videri
492 1731 622 1782 dicuntur
630 1727 736 1796 futura,
747 1744 803 1780 non
812 1729 875 1794 ipsa

66 1814 140 1867 quae
148 1799 274 1862 nondum
285 1805 364 1860 sunt,
377 1799 473 1862 idest,
487 1811 558 1865 quae
568 1796 663 1848 futura
674 1802 751 1860 sunt,
761 1795 814 1847 sed
827 1811 874 1847 eu

65 1882 129 1920 snm
148 1880 251 1918 causac
269 1865 315 1917 vel
332 1868 414 1932 sigua
432 1865 555 1916 forsitan
572 1864 713 1928 videntur,
733 1877 804 1930 quae
818 1864 873 1914 inm

65 1935 220 1997 sunt31deo
230 1947 287 1984 non
296 1932 400 1996 futura,
410 1933 632 2000 sedpraesentia
642 1939 706 1983 sunt
715 1931 873 1983 iam‘viden·

66 2001 153 2062 tibus,
160 2015 195 2054 ex
204 2001 305 2069 quibus
315 2000 410 2052 futura
418 2001 615 2069 praedicantur
624 2000 715 2052 animo
727 2006 871 2067 concepta.

68 2069 147 2130 Quae
162 2084 258 2128 rursus
272 2071 472 2135 conceptiones
484 2070 541 2119 iarn
555 2074 630 2131 sunt,
646 2074 675 2120 ct
683 2083 732 2120 eas
743 2082 872 2135 praesen·

67 2143 113 2187 tes
124 2137 196 2203 apud
205 2137 399 2200 seminentur,
410 2137 458 2205 qui
466 2137 518 2187 illa
526 2135 699 2203 praedicunt.
725 2134 873 2206 ,Loquetur

67 2201 139 2255 mihi
159 2203 274 2271 aliquod
293 2204 450 2275 exemplum
467 2211 546 2256 tanta
563 2219 657 2256 rerum
676 2203 872 2255 numerositas.

66 2272 182 2323 intueor
191 2285 333 2322 amoram:
347 2274 483 2323 oriturum
493 2271 583 2324 solem
592 2273 766 2338 praenuntio.
789 2268 872 2332 Quod

53 2341 194 2401 intueor,
212 2353 347 2404 praescus
367 2346 423 2402 cst;
442 2340 519 2406 quod
537 2339 716 2407 praenuntio,
736 2337 872 2388 futurum:

67 2422 126 2458 non
137 2406 182 2457 soi
190 2405 313 2468 futurus,
321 2409 374 2473 *qni
383 2406 439 2458 iem
449 2413 505 2471 est,
517 2408 567 2459 sed
578 2413 656 2458 ortus
667 2407 736 2465 eius,
748 2401 796 2469 qui
805 2416 878 2457 none

69 2474 203 2524 deusest:
222 2478 316 2524 tamen
331 2474 416 2524 etiarn
430 2481 522 2525 ortum
535 2476 625 2540 ipsum
641 2473 696 2524 nisi
706 2471 798 2521 animo
806 2469 873 2519 ima·

68 2543 194 2609 ginarer,
208 2541 374 2592 sicutmodo
384 2557 446 2593 curn
455 2541 486 2592 id
496 2543 609 2609 loquor,
624 2555 681 2590 non
691 2551 753 2587 eum
761 2549 874 2602 possem

67 2609 242 2675 praedicere.
279 2607 336 2659 Sed
348 2623 400 2660 nec
413 2609 464 2660 illa
473 2622 588 2670 aurora,
603 2621 684 2674 quarn
698 2605 727 2652 in
742 2601 825 2652 coelo
836 2601 874 2657 vi·

69 2677 136 2740 deo,
146 2675 306 2728 solis'ortus
317 2682 372 2742 est,
384 2680 509 2746 quamvis
521 2691 583 2743 eum
593 2671 753 2741 praecedet,
765 2682 817 2722 nec
826 2667 875 2720 ilia
