2050 2925
156 153 214 209 'roo
257 132 263 138 “
356 125 523 209 ananau
541 144 767 207 iouusruu·

163 273 224 310 rurn
233 257 379 323 proderet,
392 257 573 325 quibusinter
583 270 615 307 se
624 260 653 306 et
661 251 759 305 numni
765 266 822 321 pax
831 250 973 305 domesti-

163 340 197 375 ca
208 324 379 385 turbabatur,
391 330 588 391 expeteretque
599 321 756 373 vindictam.
781 320 878 387 ltaque
887 328 973 437 pont·
1016 366 1017 369 ,

164 406 200 443 ea
212 406 294 459 quarn
310 391 360 441 ille
378 396 407 441 et
419 391 501 441 matri
512 391 718 455 obtemperans,
738 392 768 438 et
776 401 877 437 mirans
902 388 973 437 ami·

79 482 81 486 ·
164 459 221 509 liae
240 458 425 524 disciplinam,
444 462 474 506 et
491 456 659 507 concordiae
678 466 790 506 suorum
806 454 973 515 cousulens,

164 521 290 591 proditas
303 524 339 574 ad
351 522 496 589 prodentis
505 520 650 572 arbitrium
658 520 819 571 verberibus
831 520 973 581 eodrcuit,

164 591 296 657 promisit
312 590 374 651 illa,
392 589 461 639 talia
479 588 513 639 de
533 601 563 639 se
583 588 706 655 praemia
718 598 836 653 sperare
855 586 973 646 debere,

166 670 355 725 quaecumque
374 655 479 706 desua
495 669 567 705 nuru
587 654 654 715 sibi,
674 668 728 719 quo
746 652 883 719 placeret,
904 652 974 703 mali
1016 702 1017 721 ἶ

165 722 273 789 aliquid
286 723 460 789 loqueretur3
477 719 609 786 nullaque
621 722 676 771 iam
686 718 818 781 audente,
831 732 973 769 memora·

166 790 218 841 bili
231 790 305 839 inter
317 802 349 838 se
359 786 573 838 benevolentiae
587 787 723 837 suavitate
733 786 870 835 vixerunt.
907 785 973 835 lieo
1016 786 1017 791 ’

169 868 279 923 quoque
298 853 342 905 illi
358 853 434 904 bono
451 853 672 921 mancipiotno,
691 852 721 902 in
737 853 817 901 cuius
829 856 915 902 utero
928 866 972 902 me
1016 852 1017 866 ¹

169 922 281 984 creasti,
290 920 368 971 Deus
377 934 464 984 meus,
470 918 665 971 misericordia
673 930 744 980 rues,
754 932 854 968 rnunus
864 919 972 985 grande

169 988 336 1049 donaveras,
356 987 431 1054 qnod
449 986 522 1037 inter
541 984 708 1037 dissidentes
726 990 809 1051 atque
823 984 973 1036 discordes
1016 996 1017 999 ’

108 1061 110 1064 ’
190 1055 432 1116 uarlibetanimas,
442 1054 491 1104 ubi
500 1057 619 1119 poterat,
629 1058 686 1109 tam
695 1064 726 1101 se
734 1050 888 1115 praebebat
896 1052 973 1117 paci·

170 1071 264 1185 acam,
283 1129 315 1172 ut
330 1137 391 1172 cunr
404 1122 440 1170 ab
452 1126 569 1187 utraque
583 1118 668 1168 multa
679 1116 715 1167 de
728 1118 973 1174 inrieemvaudiret

170 1189 350 1248 amarissima,
396 1186 535 1237 allasolet
545 1190 671 1237 eructare
680 1189 798 1263 turgens
806 1184 891 1250 atque
900 1184 972 1235 indi·
1016 1192 1017 1227 1

170 1260 252 1319 gesta
261 1255 355 1304 discor
374 1255 410 1313 in,
421 1252 531 1319 quaudo
542 1251 683 1319 praesenti
692 1264 796 1301 amicae
807 1248 843 1301 de
853 1252 970 1306 absente
1016 1256 1017 1277 i

169 1321 283 1370 inimica
295 1333 346 1384 per
356 1319 437 1367 acida
450 1318 524 1367 eollo
545 1319 592 1367 uia
602 1317 725 1369 eruditas
734 1315 882 1367 exhalatur
893 1317 982 1378 odio,

169 1400 243 1447 rum,
257 1383 327 1434 nibil
335 1390 429 1434 tamen
439 1384 521 1434 alteri
527 1334 565 1433 {a
576 1384 666 1435 altera
675 1383 819 1449 proderet,
829 1384 886 1435 nisi
895 1386 971 1451 quod

170 1452 206 1504 ad
225 1467 273 1503 eas
285 1451 506 1503 reconciliandas
519 1450 635 1503 valeret.
670 1450 788 1502 Parrum
800 1449 855 1502 hue
867 1451 971 1503 bonaur

147 1585 151 1588 ⁴
169 1518 239 1572 mibi
247 1519 397 1581 rideretur,
404 1519 459 1570 nisi
468 1519 564 1570 turbas
571 1517 969 1586 innumerabilestristisexpe·

170 1588 243 1638 rirer
254 1587 352 1638 nescio
364 1601 418 1654 qua
427 1585 566 1637 horrenda·
574 1585 923 1652 pestilenttnpeceatornn
932 1587 969 1638 ln·

73 1664 75 1671 ‘
170 1654 280 1704 tissime
292 1659 474 1734 pervagante,
487 1667 542 1703 non
553 1654 643 1705 solum
652 1654 786 1704 iratorum
795 1653 969 1704 inimicorum

171 1721 252 1771 iratis
261 1721 381 1777 inimicis
391 1720 467 1771 dieta
475 1721 608 1786 prodere,
617 1721 667 1772 sed
676 1720 773 1782 etiam,
783 1733 855 1787 quae
864 1727 924 1772 uo'n
931 1719 968 1771 di·
1016 1739 1017 1746 ¹

172 1793 219 1837 eta
228 1792 304 1848 sunt,
317 1787 431 1850 addere3
451 1801 512 1838 cunr
523 1793 620 1838 eontra
629 1785 737 1838 lronrini
743 1785 865 1838 buniam
873 1801 969 1853 parum

140 1858 149 1866 ”
172 1866 235 1904 esse
254 1853 356 1904 debeat
371 1853 532 1904 inimicitias
545 1851 685 1906 hominum
697 1855 899 1916 necomitam,
918 1867 969 1905 nec
1016 1893 1017 1904 ,

75 1922 78 1925 ’
172 1933 276 1984 augere
294 1919 366 1970 nrale
384 1920 538 1986 loquendo,
556 1921 612 1971 uisi
630 1935 677 1972 eas
694 1921 777 1972 etiam
790 1920 968 1987 exstinguere
1016 1919 1017 1936 ¹

124 1998 127 2007 ¹
170 1984 241 2034 bene
255 1984 395 2050 loquendo
409 1987 558 2048 studuerit,
572 1987 665 2054 qualis
675 1987 725 2039 illa
737 1994 799 2038 erat
811 1987 968 2039 docentete
1016 2037 1017 2040 ,

170 2053 305 2116 magistro
319 2051 417 2101 intimo
430 2053 459 2102 in
471 2048 570 2103 schola
582 2056 712 2120 pectoris.
746 2053 875 2132 Denique
885 2053 968 2104 etiam

159 2117 967 2188 ,virunsnnmisninennenavitntenpornlieruslucre
1016 2127 1017 2132 ’

144 2181 149 2185 ⁴
169 2188 201 2233 ta
214 2189 257 2233 est
270 2183 335 2245 tibi,
348 2197 400 2234 nec
411 2187 441 2235 iu
450 2199 484 2236 eo
495 2187 550 2236 ianr
560 2185 637 2237 lideli
646 2186 764 2254 planxit,
780 2185 854 2253 quod
863 2185 894 2238 in
902 2202 966 2239 non·
1016 2235 1017 2242 ,

172 2249 236 2304 dum
255 2249 331 2301 fideli
344 2251 521 2303 toleraverat.
556 2251 624 2304 Erat
637 2254 720 2304 atiani
733 2267 814 2316 serra
825 2266 967 2308 serronem

125 2360 130 2367 .
169 2323 290 2368 tuorum.
321 2316 453 2385 Quisquis
463 2332 559 2370 eorum
568 2327 684 2372 noverat
693 2335 763 2382 eam,
773 2319 968 2371 multuminea

170 2383 303 2434 laudabat
313 2389 342 2434 et
350 2382 505 2436 honorabat
515 2392 544 2436 et
553 2385 738 2452 diligebatte;
752 2387 822 2452 ‘qrria
831 2385 968 2438 sentiebat
1016 2419 1017 2456 3

170 2451 357 2516 praesentiam
369 2457 445 2502 tuam
453 2454 483 2502 in
493 2452 578 2504 corde
589 2453 648 2504 eius
659 2459 771 2504 sannae
781 2453 967 2504 conversatio·
1016 2457 1017 2464 ’

170 2517 215 2566 nin
228 2517 363 2569 fructibus
375 2519 502 2570 testibus.
537 2518 726 2574 Fuerat-enirn
735 2519 816 2570 unius
826 2519 881 2568 riri
889 2533 968 2580 uxor,
1016 2519 1017 2572 i

100 2621 106 2626 .
151 2646 155 2650 ι
170 2589 292 2634 mutuam
304 2586 394 2636 ricem
406 2583 565 2652 parentibus
577 2584 750 2646 reddiderat,
767 2585 880 2635 domurn
893 2599 969 2637 suam

170 2647 217 2726 pie
228 2655 407 2715 tractaverat,
416 2652 446 2703 in
457 2651 586 2720 operibus
597 2650 677 2704 bonis
688 2651 879 2706 testimonimn
888 2649 969 2706 babe-
1016 2665 1017 2668 ’
