2050 2925
92 1027 96 1036 „
158 1024 160 1028 ,
175 976 238 1043 ipsa
250 975 307 1028 sibi
321 976 412 1027 anima

176 138 237 196 iss,
377 105 778 207 nunanunueusmm

172 252 207 295 et
217 246 259 295 sic
269 244 322 295 erit
331 255 451 311 semper3
465 244 532 311 quin
542 243 635 310 potius
645 242 732 295 fuisse
743 246 772 293 et
780 240 905 293 laturum
915 255 983 292 esse

176 327 233 363 non
247 312 330 362 estin
347 326 392 372 ea,
406 310 457 361 sed
470 324 532 360 esse
544 310 646 374 solum,
660 310 790 377 queniam
799 314 916 358 aeterna
926 314 982 359 cst.

165 377 247 430 -Nam
263 376 353 430 fuisse
372 384 401 427 ct
416 376 539 427 futurum
552 391 616 428 esse
629 391 686 427 non
699 381 742 425 cst
755 380 907 426 aeternum.
946 374 983 424 Et
1023 436 1024 441 Ἰ

176 444 386 512 duniloquimur
392 450 420 494 et
429 442 567 494 inhiamus
577 442 630 505 illi,
637 442 787 510 adtigimus
798 454 860 493 eam
868 440 983 493 modice

174 519 237 565 toto
255 513 314 563 ictu
332 510 486 573 cordis,1et
504 510 701 577 suspiravimus
718 516 748 561 et
763 508 928 575 reliquimus
942 508 983 557 ibi

175 580 311 646 religatas
320 577 456 645 primitias
466 576 594 642 spiritus,
605 582 634 627 et
642 577 824 635 remeammus
835 574 872 625 ad
881 576 982 641 strepi-

175 655 236 697 tum
246 646 303 696 oris
312 644 412 704 nostri,
422 644 471 694 ubi
479 644 591 693 uerbum
603 650 631 695 et
640 644 772 711 incipitur
782 648 810 694 et
820 643 926 693 tinitun
945 642 982 692 Et
1023 666 1024 675 ,

176 712 243 779 quid
255 709 347 761 sinule
356 708 450 761 Verbo
462 714 526 773 tuo,
538 708 659 761 Domino
670 716 780 775 nostro,
793 711 862 760 inse
892 722 981 759 erma-
1023 722 1024 725 ¹

175 778 253 829 nenti
264 777 323 827 sine
332 781 482 838 vetustate,
492 782 576 843 atque
586 776 729 828 innovanti
740 776 847 828 omnini
886 776 980 827 iceba-

175 858 236 895 mus
247 856 328 909 ergo:
346 842 427 893 sicui
436 843 520 893 sileat
529 844 661 903 tumultus
672 843 773 905 cunis,
785 842 887 893 sileant
913 840 980 892 ban·
1023 860 1024 869 ¹

175 910 266 960 tasiae
278 915 372 960 terrae
386 916 415 960 et
424 924 560 1027 ffiumm
574 916 602 979 at
612 910 701 972 aeris,
714 910 817 961 sileant
826 856 937 975 etpoli,
952 918 981 959 et

440 978 447 990 “
462 983 520 1040 eat,
534 982 564 1027 et
572 980 696 1027 transeat
705 990 736 1027 ss
745 990 802 1027 nou
812 990 843 1028 se
853 976 980 1043 cogitan-

177 1044 226 1108 do;
255 1043 358 1094 sileant
384 1044 493 1095 somnia
519 1048 549 1094 et
576 1043 757 1110 imaginariae
780 1043 979 1104 revelationes,

153 1111 154 1114 ’
176 1111 266 1161 onmis
276 1110 497 1177 linguaetomne
509 1108 979 1177 signmn,etquidquidtnanseundo

178 1178 223 1237 tt,
232 1178 258 1227 si
272 1178 317 1227 eui
327 1177 411 1227 sileat
420 1178 544 1237 emnium
564 1177 703 1243 quoniam,
713 1176 738 1226 si
748 1177 809 1242 quis
818 1176 926 1237 audiat,
941 1176 980 1226 di·

111 1269 118 1278 ·
177 1249 244 1293 eunt
259 1241 328 1291 baec
352 1242 455 1293 omnia:
473 1256 530 1310 non
551 1243 612 1309 ipsa
624 1248 676 1293 nos
693 1240 824 1305 lecimus,
846 1244 897 1293 sed
910 1240 979 1293 feeit
1023 1292 1024 1303 ,

120 1361 124 1370 ,
175 1308 583 1373 nosqnimanetinaeternum.
601 1309 654 1360 ilis
665 1308 748 1361 dictis
758 1308 783 1359 si
792 1310 848 1359 iam
856 1314 977 1372 taceant,

175 1374 308 1441 quoniam
320 1380 469 1424 erexerunt
477 1388 573 1425 aurem
582 1377 612 1426 in
623 1378 697 1439 enm,
708 1376 754 1443 qui
763 1374 833 1427 fecit
843 1390 889 1439 ea,
901 1382 929 1427 et
938 1376 977 1427 lo-

176 1445 277 1506 quatur
289 1439 350 1506 ipsa
362 1438 453 1503 solus,
467 1455 523 1492 non
535 1456 586 1509 per
600 1456 646 1506 aa,
660 1442 711 1508 sed
724 1456 774 1510 pen
787 1457 818 1494 ss
831 1442 935 1510 ipsum,
948 1448 978 1494 ut

176 1505 322 1557 audiamus
335 1507 448 1558 verbum
461 1507 535 1571 eins,
549 1524 605 1560 nnn
617 1525 668 1578 per
680 1511 804 1578 linguam
814 1512 918 1574 carnis,
931 1525 977 1562 ne·
1023 1555 1024 1582 ζ

175 1588 231 1642 que
241 1588 292 1645 per
299 1588 398 1625 vocem
408 1576 510 1642 angeli,
517 1591 629 1696 uesper
639 1578 761 1630 sonitum
770 1579 919 1640 nubis,nec
928 1591 977 1644 per

175 1641 306 1708 aenigma
318 1641 522 1705 similitudinis,
536 1659 569 1695 se
599 1643 702 1712 ipsum,
717 1660 799 1714 quem
810 1647 839 1697 in
852 1643 895 1696 bis
906 1659 976 1696 ama-
1023 1661 1024 1672 ¹

172 1723 246 1773 mus,
252 1709 345 1775 ipsum
356 1709 416 1760 sine
424 1708 467 1760 bis
478 1709 631 1774 audiamus,
640 1713 713 1762 sicut
721 1728 794 1764 stunc
805 1711 978 1763 extendimus
1023 1731 1024 1742 ¹

175 1790 242 1837 nos,
262 1780 291 1824 et
307 1775 405 1842 rapide
422 1777 598 1844 cogitatione
618 1777 769 1846 adtigimus
782 1785 925 1830 aeternam
937 1793 978 1829 sa-

176 1841 311 1908 pientiam
320 1857 404 1909 super
415 1843 508 1894 omnia
517 1850 684 1910 manentem3
695 1847 719 1896 si
730 1847 906 1897 continuetur
916 1843 979 1908 boc,

177 1914 206 1958 et
216 1907 414 1959 subtrahantur
423 1910 495 1960 aliae
505 1911 628 1962 visiones
638 1911 723 1980 longe
733 1913 771 1964 im
790 1913 847 1963 aris
857 1914 978 1978 generis,

176 1973 755 2041 atbaecunarapiatetabsorbeatetreeon
777 1980 979 2032 atininteriora

175 2040 280 2108 gaudia
291 2048 478 2106 spectatorem
491 2057 583 2108 suum,
597 2053 628 2096 ut
637 2045 703 2098 talis
714 2046 752 2097 sit
761 2048 931 2114 sempiterna
939 2047 976 2098 vi·

175 2115 219 2188 tal
232 2107 313 2174 quale
327 2107 382 2159 fuit
393 2106 447 2158 hoc
457 2118 626 2163 momentum
645 2112 862 2181 intelligentiae,
876 2113 923 2164 cui
933 2131 975 2164 aa·

174 2176 353 2240 spiravimus3
372 2188 464 2226 nonne
479 2173 533 2228 boe
543 2186 599 2230 est:
618 2178 696 2230 Intra
705 2178 733 2230 in
741 2179 872 2248 guadium
880 2178 974 2232 Dami-

127 2251 131 2259 ·
177 2240 207 2291 ni
229 2239 405 2314 teithfflattb,
415 2241 459 2305 25,
468 2244 524 2308 21.)
550 2243 588 2296 Et
611 2246 686 2298 istud
708 2247 835 2314 quando!
851 2248 893 2300 An
915 2263 975 2298 cum
1023 2257 1024 2264 ’

177 2322 273 2361 omnes
296 2323 486 2376 resurgemus,
508 2312 625 2363 sednon
644 2328 739 2365 omnes
757 2315 975 2366 immutabimur?

174 2373 310 2426 Dicebam
322 2375 404 2439 talia,
419 2383 447 2428 et
460 2378 484 2427 si
496 2392 553 2429 non
562 2379 618 2430 isto
629 2379 713 2432 modo
725 2385 754 2430 et
762 2378 805 2431 his
815 2381 921 2444 verbis,
934 2389 973 2433 ta-

174 2457 251 2505 men,
260 2441 391 2506 Domine,
403 2445 516 2506 tuscis,
530 2446 603 2511 quod
612 2446 663 2497 illo
675 2447 720 2499 die
731 2461 793 2498 cum
801 2447 871 2499 talia
879 2449 974 2515 loque·

173 2521 279 2572 remur,
298 2515 328 2560 et
344 2509 461 2561 mundus
478 2511 534 2561 iste
547 2511 628 2564 nobis
641 2514 715 2566 inter
728 2513 813 2566 verba
824 2514 974 2568 vilesceret

174 2589 236 2626 cum
247 2576 373 2646 omnibus
383 2576 616 2630 delectationibus
628 2582 695 2644 suis,
705 2586 771 2631 tunc
781 2581 892 2633 aitilla:
910 2582 973 2646 „Fi-

172 2637 196 2689 li
224 2648 355 2709 quantum
369 2644 404 2694 ad
416 2659 461 2695 ma
476 2644 594 2726 adtinet,
607 2647 682 2698 nulla
695 2647 752 2710 iam
761 2662 793 2699 re
807 2646 934 2702 delector
945 2651 973 2702 in
