2050 2925
207 104 732 195 conrnssrouunnrusnr'r.
791 141 873 215 ,ιιι
954 206 956 211 ,

60 238 872 307 lentiquldemcarentessiribus,insomnisoutemnonsc·

59 307 121 357 lum
132 320 222 373 usque
231 306 267 357 ud
277 308 562 370 delectationem,sed
573 310 656 365 etiam
665 324 754 377 usque
765 310 871 362 uticon-
907 371 910 379 ,

60 374 225 424 sensionem
243 373 403 441 lectumque
415 376 595 428 simillimum.
629 376 666 427 Et
677 382 784 429 tontum
795 377 871 427 ualet
919 417 925 433 s

60 441 195 507 imaginis
201 441 296 492 illusio
306 443 336 491 in
346 443 439 493 anima
446 456 509 493 mes
520 444 585 494 etin
596 458 679 494 cerne
689 448 796 505 meent
806 442 869 495 (lor-

59 506 868 577 nrientifalsarisepersuadeant,quodrigilentiversnon

58 579 191 641 possunt
225 573 365 643 Numquid
374 583 441 627 tunc
450 591 505 643 ego
517 592 572 627 non
583 576 780 639 sunr,l)omine
789 576 868 629 Deus

58 640 418 693 meulettsmentsntum
427 643 678 697 interestinter·me
687 646 778 711 ipsum
788 650 867 695 etmc

56 708 476 777 ipsumintrem‘omentum‚quo
484 708 549 762 bine
559 712 594 763 sd
604 724 735 779 soporem
744 719 868 773 transeo,
942 716 946 729 ’

56 775 108 825 vel
117 773 173 830 buo
181 775 246 827 inde
256 782 411 828 retranseo.
431 778 485 827 Ubi
493 785 538 829 est
547 785 612 829 tunc
622 780 708 841 retio,
724 793 795 845 quse
805 779 869 829 tali·

54 842 114 893 bus
124 843 353 909 suggestionibus
369 845 477 896 resistit
485 844 622 911 rigilsnsl
643 846 713 899 lltsi
728 859 773 897 res
789 846 868 913 ipsae

54 910 233 977 ingerantur,
243 912 427 962 inconcussus
435 925 545 963 moneo.
580 910 651 962 Num
671 913 719 964 uid
729 913 868 963 clauditur

56 992 123 1027 cum
133 976 240 1028 oculisl
249 972 503 1044 Numquid'sopitur
514 993 576 1030 cum
586 978 661 1029 serrsi
671 994 713 1037 ¹us
724 978 866 1045 corporis!

54 1044 96 1094 Et
109 1044 184 1094 unde
194 1047 279 1111 saepe
289 1046 374 1095 etiam
383 1046 412 1095 in
422 1046 527 1096 somnis
538 1044 707 1107 resistimus,
721 1045 865 1110 nostrique

55 1111 866 1180 propositimemores,etqneineocastissimcpermonen·
920 1108 925 1120 ’

54 1184 118 1240 tes,
132 1177 241 1228 nullom
253 1178 357 1229 tslibus
369 1179 511 1229 illecebris
526 1177 689 1230 adhibemus
703 1178 866 1230 adsensuml

55 1246 97 1296 Et
106 1250 201 1296 temen
212 1250 320 1295 tontum
330 1245 460 1308 interest,
474 1252 506 1297 ut
516 1262 578 1300 cum
587 1247 670 1297 aliter
680 1246 794 1307 occidit,
810 1244 866 1296 cri-

57 1312 184 1431 {naum
194 1312 230 1363 ed
245 1313 434 1365 conscientiae
443 1314 568 1381 requiem
578 1315 738 1377 redcsmus,
748 1315 864 1381 ipseque

79 1380 197 1429 istcntiu
204 1380 380 1446 reperiemus
388 1395 440 1432 nos
451 1395 507 1433 non
517 1380 826 1449 fecisse‚1quodtamen
836 1380 865 1431 iu

56 1446 144 1499 nobis
151 1462 262 1515 quoquo
272 1448 356 1500 modo
366 1446 469 1501 lactum
480 1464 544 1502 esso
554 1450 707 1504 doleamus.
726 1447 865 1516 Numquid

56 1529 119 1566 non
128 1522 228 1580 potens
239 1523 389 1568 estmenus
398 1522 459 1580 tun,
468 1516 547 1569 Deus
561 1518 750 1584 omnipotens,
766 1529 865 1568 sonore
960 1529 963 1534 ·

58 1595 163 1633 omnes
173 1581 219 1632 lun
259 1598 323 1635 ores
337 1584 445 1635 enimse
458 1597 552 1646 meae,
567 1590 649 1650 etque
664 1581 866 1634 abundenticrc

58 1647 157 1716 gretie
171 1654 219 1699 ture
243 1653 352 1702 ascitos
366 1657 458 1702 motus
473 1652 558 1701 etiem
573 1651 628 1702 mei
641 1651 752 1718 soporis
763 1649 866 1702 exstin-

57 1714 168 1783 guerel
183 1717 314 1785 lugebis,
324 1717 453 1780 Domine,
462 1718 553 1784 mugis
563 1719 706 1785 magisque
716 1719 745 1769 in
754 1731 798 1768 mo
808 1731 866 1766 mu·

57 1796 132 1834 nero
145 1787 207 1846 toa,
220 1791 253 1835 ut
264 1787 355 1836 enims
363 1799 426 1837 mee
436 1791 569 1852 sequatur
578 1785 624 1836 me*
632 1785 669 1836 ud
677 1791 720 1848 te,
736 1783 865 1850 concupi·

59 1849 188 1901 scentiee
198 1852 275 1902 risco
286 1852 462 1919 expedirent
471 1868 528 1903 non
539 1852 575 1903 sit
584 1853 698 1904 rebellis
709 1851 771 1915 sibi,
782 1857 865 1918 etque

58 1922 94 1968 ut
112 1917 143 1967 in
161 1919 266 1970 somnis
285 1920 370 1970 etiarn
387 1933 445 1970 non
464 1920 556 1971 solum
570 1936 625 1972 non
638 1925 781 1987 perpetret
793 1919 864 1970 istos

59 1985 284 2052 corruptelarum
302 1986 489 2053 turpitudines
506 2001 558 2053 per
574 1987 710 2056 imagirres
729 1987 863 2040 animales

58 2066 151 2117 usquc
168 2053 204 2104 nd
217 2054 309 2105 curnis
322 2052 441 2116 fluxum,
460 2055 558 2106 sedne
572 2056 730 2107 consentiat
743 2055 863 2123 quidem.
926 2101 931 2108 .

58 2117 132 2170 Num
142 2126 173 2171 ut
181 2117 317 2174 nibiltule
325 2122 372 2172 vel
380 2121 518 2174 mutilium
528 2121 791 2190 libeat,quantu1um
800 2137 863 2188 pos·

60 2185 99 2236 sit
111 2189 180 2238 nutu
190 2186 330 2252 cobiberi,
344 2191 428 2240 etism
437 2189 467 2239 in
478 2195 556 2240 cesto
568 2190 730 2242 donnientis
741 2188 864 2249 adfectu,

60 2265 118 2302 non
127 2260 234 2305 tantum
242 2255 272 2306 in
281 2255 334 2307 buc
343 2257 414 2319 vite,
429 2255 480 2307 sotl
490 2257 574 2307 etiam
584 2257 612 2307 in
622 2255 675 2308 hac
685 2262 792 2317 aetate,
807 2269 862 2304 non

58 2333 189 2400 magnum
196 2329 240 2373 est
245 2323 438 2389 omnipotenti,
443 2323 492 2389 qui
500 2323 577 2374 vales
587 2322 680 2375 fucere
691 2336 775 2388 supra
783 2333 865 2434 spuunt

58 2394 180 2453 petimus
199 2395 229 2440 ot
245 2389 437 2458 intelligimus.
471 2388 551 2440 Nunc
567 2400 673 2452 temen,
711 2387 789 2438 uide
808 2383 862 2434 buc

60 2455 112 2505 sim
128 2456 157 2506 in
167 2454 222 2507 hoc
232 2471 336 2523 genere
345 2456 412 2514 mali
420 2457 490 2518 mei,
504 2456 563 2506 dixi
572 2455 693 2507 Domino
724 2465 778 2503 ono
788 2463 861 2511 meo,
908 2473 912 2494 ι

60 2522 204 2574 exsultans
218 2524 281 2574 c'urn
293 2522 507 2585 tremoreineo,
528 2521 602 2590 quorl
612 2521 724 2572 donasti
732 2517 811 2579 mibi,
831 2526 861 2570 et
894 2555 899 2564 .

58 2588 159 2654 lugens
168 2589 197 2639 in
206 2604 250 2652 eo,
261 2589 336 2657 quod
345 2587 579 2642 inconsummatus
589 2601 662 2646 sum,
676 2596 790 2649 sperans
799 2598 861 2648 per·-

57 2653 198 2708 fectururo
206 2659 327 2710 teinme
335 2657 613 2712 misericordiarum
622 2647 752 2716 usquead
761 2663 856 2715 pacem
