2050 2925
145 151 179 203 96
337 144 508 201 uuonan
525 141 753 199 AUGUSTlNl
840 131 846 149 Χ

193 251 225 302 Θ.
238 249 309 301 xil·
335 248 507 301 Prohibebat
524 261 568 299 me
588 260 655 302 sane
668 245 784 313 Alypius
805 244 838 295 ab
859 259 954 303 uxore

145 318 282 380 ducenda,
297 332 415 369 causans
428 315 504 366 nullo
519 314 603 367 modo
618 328 670 365 nos
679 326 765 379 posse
774 318 876 363 'securo
889 314 953 365 otio

145 380 229 437 simul
236 386 267 436 iu
275 398 370 435 amore
381 382 535 450 sapientiae
545 381 653 443 vivere,
668 380 742 433 sicut
751 380 806 430 iam
817 379 866 430 diu
876 378 954 435 desi·

146 453 320 514 der-aremus,
334 451 359 504 si
371 450 402 501 id
410 448 557 499 iecissem.
590 448 660 499 Erat
673 448 747 499 enim
760 447 821 513 ipse
834 447 864 497 in
874 461 909 497 ea
918 453 955 498 re'

145 521 306 572 etiamtunc
316 517 504 578 castissimus,
521 516 601 567 itaut
611 514 710 566 mirum
722 520 812 577 esset;
830 514 956 581 quiavel

88 575 94 596 Χ
146 586 349 653 experientiam
358 583 524 635 concubitus
535 587 668 644 coeperat
676 582 706 633 in
714 582 845 649 ingressu
855 579 956 631 adole·

146 655 270 705 scentiae
284 666 364 713 suae,
379 650 501 703 sednon
515 647 648 701 haeserat
655 650 802 716 magisque
811 647 954 711 doluerat,

147 728 177 773 ct
190 726 346 786 spreverat3
366 724 395 767 et
405 716 506 769 deinde
513 717 569 767 iam
579 716 819 767 continentissime
829 714 953 778 vivebat.

146 788 208 855 Ego
220 792 313 837 autem
320 784 486 837 resistebam
495 783 792 849 illiexempliseorum,
799 783 847 850 qui
854 782 955 833 coniu-

141 854 206 921 ‘gati
217 852 371 903 coluissent
381 850 562 917 sapientiam,
582 856 611 901 et
619 850 841 916 promeruissent
849 848 955 911 Deum,

147 928 178 972 et
186 918 349 971 habuissent
358 919 489 980 fideliter,
499 933 533 968 ac
543 916 709 969 dilexissent
718 916 832 969 amicos.
850 917 956 983 Aquo-

39 1010 44 1015 ·
146 1004 209 1039 rum
222 1002 276 1055 ego
292 976 404 1053 quidem
417 985 575 1053 granditate
587 984 672 1035 animi
682 984 766 1052 longe
779 982 903 1045 aberam3
922 992 957 1034 et

147 1055 287 1123 deligatus
294 1054 393 1107 morbo
403 1054 495 1105 carnis
504 1050 652 1103 mortifera
661 1051 798 1103 suavitate
807 1048 955 1102 trahebam

148 1130 275 1174 menam
284 1136 388 1184 meam,
404 1121 478 1171 solvi
486 1120 601 1181 timens,
618 1125 646 1169 et
656 1118 737 1185 quasi
746 1132 883 1169 concusso
894 1116 957 1167 sul-
971 1176 974 1189 1

146 1204 215 1241 nere
229 1189 368 1255 repellens
383 1187 469 1240 rerba
479 1186 552 1237 bene
566 1185 724 1249 suadentis,
742 1191 882 1252 tamquam
896 1198 957 1237 ma·

53 1256 61 1265 ’
148 1272 213 1306 ιιιιιιι
232 1255 378 1306 solventis.
413 1252 530 1319 Insuper
549 1254 633 1305 etiam
646 1267 697 1321 per
711 1266 755 1303 me
770 1252 826 1318 ipsi
841 1265 956 1318 quoque

147 1323 248 1388 Alypio
260 1320 427 1387 loquebatur
435 1334 564 1385 serpeus,
576 1326 605 1371 et
612 1319 773 1373 innectebat
782 1326 865 1387 atque
876 1332 957 1385 spar-

115 1403 123 1417 ·
148 1390 233 1456 gebat
246 1403 296 1455 per
305 1388 432 1453 'linguam
448 1401 539 1439 meam
554 1386 651 1439 dulces
662 1387 779 1454 laqueos
787 1387 817 1436 in
826 1387 873 1437 via
882 1386 956 1449 eius,

148 1455 250 1522 quibus
268 1456 312 1506 illi
324 1453 436 1508 honesti
450 1460 483 1506 et·
493 1454 618 1522 expediti
631 1455 719 1523 pedes
733 1454 955 1522 implicarentur.

149 1519 302 1574 cummim
311 1537 356 1574 me
365 1522 415 1574 ille
425 1524 588 1586 nutaretur,
604 1537 685 1589 quem
696 1537 752 1574 non
761 1522 958 1640 parvipende-

148 1597 202 1653 ret,
212 1590 252 1641 ita
262 1588 379 1642 haerese
389 1591 467 1643 visco
476 1590 557 1642 illius
565 1589 726 1658 voluptatis,
735 1595 766 1640 ut
772 1603 844 1640 mea
864 1589 958 1640 firma·

137 1658 524 1732 'remquotiescumqueinde
532 1658 607 1708 inter
616 1672 668 1708 nos
677 1669 956 1724 quaereremue,coc·

113 1770 115 1773 .
148 1725 234 1776 libem
248 1726 334 1776 vitam
346 1727 424 1776 nullo
438 1725 524 1776 modo
534 1739 618 1792 posse
628 1725 742 1791 degere,
760 1729 844 1790 atque
857 1723 900 1774 its
909 1738 957 1775 me

149 1790 345 1854 defenderem,
361 1792 517 1845 camillum
531 1793 676 1845 irritantem
686 1791 823 1854 viderem,
837 1796 869 1842 ut
879 1789 957 1841 dice·

148 1865 221 1922 reni,
235 1859 351 1911 multum
364 1860 503 1912 interesse
514 1859 587 1910 inter
596 1859 679 1921 illud,
695 1858 771 1926 quod
779 1858 840 1924 ipse
850 1857 956 1923 raptim

149 1932 179 1976 et
191 1926 286 1978 furtim
302 1934 434 1992 expertus
451 1933 540 1988 esset,
554 1926 629 1993 quod
645 1940 733 1993 paene
746 1926 802 1976 iam
812 1939 848 1976 ne
857 1926 957 1976 memi-

63 2019 68 2029 r
146 1993 237 2044 nisset
251 1993 376 2060 quidem,
390 2001 474 2061 atque
489 1993 555 2044 ideo
565 1990 877 2046 nullomolestialacilc
888 2006 958 2043 con-

147 2065 299 2121 temneret,
311 2067 349 2112 ,et
363 2061 566 2112 delectationes
581 2060 793 2120 consuetudinis
807 2073 901 2122 meae,
919 2059 957 2109 ad

148 2141 218 2195 quas
231 2127 257 2177 si
267 2127 434 2180 accessisset
443 2126 592 2181 honestum
600 2142 702 2179 nomen
711 2125 958 2188 matrimonii‚non

148 2207 212 2244 eum
225 2193 321 2244 nfirari
334 2201 479 2259 oportere,
493 2210 544 2249 cur
558 2209 611 2263 ego
626 2195 703 2246 illam
715 2196 798 2246 sitam
807 2193 958 2260 nequirem

148 2273 293 2326 spernere:
308 2266 441 2337 coeperat
451 2263 549 2328 etipse
560 2262 721 2313 desiderare
732 2259 957 2328 coniugiumue·

147 2343 284 2396 quaquam
297 2329 387 2380 victus
401 2329 517 2381 libidine
529 2329 593 2380 talis
603 2329 765 2395 voluptatis,
774 2327 826 2380 sed
835 2327 958 2379 curiosi·

147 2395 224 2445 tatis.
259 2395 380 2448 Dicebat
390 2397 476 2458 enim,
487 2397 560 2448 scire
571 2410 602 2448 se
613 2411 725 2462 cupere,
736 2395 867 2462 quidnam
877 2401 959 2447 esset

147 2460 232 2524 illud,
245 2463 307 2514 sine
321 2478 376 2530 quo
387 2465 529 2525 vitamea,
544 2477 615 2529 qnae
629 2463 673 2514 illi
687 2465 729 2514 sic
738 2461 882 2528 placebat,
896 2475 957 2514 nen

50 2535 56 2542 ’
147 2527 615 2596 nnibivita,sedpoenavideretur.
652 2529 871 2596 Stupebateuinn
880 2529 958 2582 liber

148 2595 183 2644 ab
193 2595 243 2647 illo
253 2597 365 2649 vinculo
374 2598 482 2648 aninrus
492 2596 656 2648 servitutem
665 2611 764 2660 assensn,
775 2601 804 2646 et
813 2595 957 2661 stupendo

148 2661 209 2712 ibat
223 2664 253 2714 in
267 2664 429 2732 experiendi
439 2663 610 2730 cupidinem,
624 2669 756 2725 venturus
766 2663 795 2714 in
805 2663 897 2730 ipsam
909 2676 958 2716 ex·
