2050 2925
156 134 188 187 n
354 133 522 187 sunnon
539 94 766 186 nocuerim
824 90 832 96 Ν

158 226 212 301 que
226 233 387 296 miseretur,
402 250 435 285 cu
455 248 502 285 ere
518 248 580 284 esse
596 236 728 294 miseros,
741 231 957 282 utmisereatnr.

158 300 417 367 Nonnullusituque
445 297 958 365 olorudprubnudus‚nullusamnndus
992 355 996 368 Ι

161 372 213 419 est.
248 366 313 419 Hoc
326 369 399 419 enim
414 373 457 429 tu,
470 366 591 417 Domine
601 366 691 428 Deus,
706 365 754 431 qui
764 365 870 414 unimus
881 378 957 413 umas

69 464 88 499 χ
160 435 245 501 longe
264 434 375 501 lateque
389 432 483 503 purius
497 448 579 498 quam
591 448 655 495 nos,
678 437 708 482 et
718 430 958 497 incorruptibilius

78 1000 80 1009 ,
160 966 268 1034 patiens
276 967 420 1018 custodiae
432 968 579 1035 tuaeturpi
588 965 682 1018 scabie

160 500 316 563 misereris,
331 500 406 566 quod
418 500 495 550 nullo
511 499 610 551 dolore
620 498 764 549 sauciaris.
798 497 835 547 Et
844 496 881 546 ad
890 494 958 545 baec

160 568 222 634 quis
236 566 373 617 idoneusl
389 565 423 616 nt
434 580 487 633 ego
498 566 660 617 innormiser
669 565 766 616 dolere
776 564 916 624 amabam,
931 572 960 611 et

160 634 340 701 quaerebam,
354 636 385 681 ut
398 638 474 683 esset
488 632 563 700 quod
577 632 714 693 dolerem,
732 630 842 697 quando
852 628 923 681 mibi
931 628 957 677 in

159 715 292 751 aerumna
301 699 405 760 aliena,
421 705 450 749 et
460 698 534 751 fulua
544 704 574 750 et
582 697 742 759 saltatoria,
759 712 793 748 ea
802 696 892 763 magis
902 696 957 762 pla-

126 792 131 804 ι
161 763 322 817 cebetactio
330 764 484 831 histrionis,
493 762 957 832 meqneadliciebatvehementius,

160 847 214 899 qua
232 830 301 883 mibi
314 833 445 884 lacrimae
459 832 680 885 excutiebantur.
716 831 790 891 Quid
802 835 897 881 autem
910 828 957 880 mi·

159 913 233 961 rum,
250 913 312 949 cum
321 898 421 951 infelix
431 915 516 967 pecus
526 900 659 951 aberrans
670 912 687 947 a
692 912 783 1015 prope
792 902 905 1014 tuphpti
911 898 958 1012 inpe

706 979 741 1015 oe
761 979 837 1015 arer.
906 980 924 1013 n

162 1038 242 1087 erent
250 1032 375 1085 dolorum
387 1049 505 1097 amores,
517 1032 682 1096 nonquibus
692 1032 775 1082 altius
787 1037 966 1098 penetrarem

161 1099 225 1153 Non
235 1100 307 1151 euim
318 1102 443 1157 nutabam
452 1102 522 1152 talia
531 1100 646 1170 perpeti,
655 1098 748 1166 qualia
757 1104 899 1165 spectare3
910 1095 960 1148 s'ed

162 1167 261 1235 quibus
275 1168 378 1218 auditis
392 1174 422 1219 et
435 1169 507 1219 fictis
520 1174 660 1234 tamquam
674 1167 703 1216 in
716 1165 865 1232 superficie
880 1164 959 1214 rade·
1010 1209 1011 1214 ,

159 1240 218 1285 rer:
236 1248 307 1298 quos
322 1239 413 1284 tumen
429 1234 509 1300 quasi
523 1248 630 1300 ungues
644 1232 826 1299 sculpentium
835 1230 960 1281 fervidus

160 1307 268 1361 turmot,
288 1305 317 1349 et
334 1299 425 1360 tubes,
447 1306 476 1351 et
494 1301 587 1350 sanies
598 1298 713 1349 horrida
726 1298 958 1364 consequebatur.

162 1365 241 1415 Talis
255 1364 313 1415 vita
321 1379 391 1415 mea.
410 1364 549 1432 Numquid
560 1367 617 1416 rita
626 1372 695 1428 erat,
706 1366 783 1416 Deus
798 1365 895 1417 mensi

96 1491 100 1506 x
213 1430 242 1482 G.
258 1430 304 1482 Ill.
339 1432 376 1483 Et
389 1432 607 1484 circumvolabat
621 1447 704 1514 super
713 1447 758 1484 me
770 1433 862 1485 tidelis
873 1447 891 1483 a
901 1432 960 1484 lon·

81 1503 84 1514 '
161 1513 196 1568 ge
207 1499 402 1551 misericordia
411 1499 471 1551 tua!
487 1499 519 1550 ln
530 1508 647 1567 quantas
656 1501 818 1567 iniquitates
829 1499 961 1561 distabui,

162 1574 190 1618 et
202 1567 369 1634 sacrilegam
376 1567 567 1618 curiositatem
578 1573 690 1618 secutus
701 1583 775 1630 sum,
789 1573 821 1618 ut
830 1567 962 1618 descren·
1012 1600 1013 1607 κ

67 1629 69 1640 ’
161 1639 273 1697 terete,
290 1634 442 1688 deduceret
455 1649 500 1686 me
515 1635 551 1686 ad
560 1636 618 1686 isne
625 1634 713 1685 iulide
722 1641 752 1685 et
760 1627 966 1690 circumvento

160 1703 203 1753 rie
213 1701 348 1768 obsequia
356 1702 578 1765 daemoniorum,
590 1701 689 1770 quibus
698 1691 875 1752 immolabam
886 1701 962 1751 lacta

159 1770 316 1832 meemale3
336 1775 364 1820 et
372 1770 401 1820 in
413 1771 540 1822 omnibus
550 1768 713 1837 flagellabas
723 1768 780 1820 mel
797 1770 889 1820 Ausus
900 1783 962 1820 sum

161 1837 245 1886 etism
269 1836 298 1886 in
322 1836 484 1888 celebritate
510 1837 718 1888 solemnitatum
736 1842 860 1897 tuarum,
886 1836 961 1886 intra

160 1903 281 1968 parietes
293 1902 429 1954 ecclesiae
439 1909 518 1966 tuse,
529 1903 728 1970 concupiscere
739 1909 768 1953 et
777 1915 863 1968 agere
874 1917 960 1969 nego·

159 1970 229 2019 tium
241 1969 407 2033 procurandi
424 1967 531 2020 fructus
546 1971 654 2021 mortis.
688 1969 767 2021 Unde
777 1969 960 2020 irreverbera-

161 2036 197 2086 sti
213 2033 342 2099 gravibus
353 2035 464 2099 poenis3
484 2035 535 2085 sed
545 2035 616 2086 nihil
625 2036 661 2087 ad
672 2032 780 2102 culpam
789 2051 889 2098 meam,
901 2043 960 2113 opu

160 2098 340 2168 praegrandis
351 2098 543 2152 misericordie
552 2117 623 2165 meu,
632 2101 711 2154 Deus
721 2118 808 2165 meus,
819 2101 960 2171 refugium

160 2181 251 2218 meum
266 2180 283 2216 a
298 2167 469 2219 terribilibus
483 2169 662 2233 nocentibus,
681 2170 711 2220 in
726 2171 826 2237 quibus
840 2177 959 2236 regatus

161 2249 222 2286 sum
242 2232 407 2299 praefidenti
429 2234 519 2298 collo,
539 2234 574 2288 ad
588 2237 673 2304 longe
687 2236 875 2288 recedendum
890 2251 908 2286 a
920 2243 959 2296 te,

161 2302 326 2362 emansvies
337 2315 413 2352 nress
425 2307 519 2353 utnon
530 2310 601 2367 tuas,
613 2318 708 2355 amans
717 2303 748 2355 iu
770 2304 865 2354 'tivum
875 2302 958 2354 liber·
1011 2303 1013 2310 '

158 2367 257 2418 tateml
275 2367 424 2419 Habebunt
440 2375 468 2421 et
481 2369 533 2421 illa
542 2372 649 2433 studia,
667 2386 737 2438 quae
767 2376 867 2421 onesta
876 2385 957 2421 roca-

158 2433 272 2497 buntur,
292 2434 404 2492 ductum
424 2450 504 2490 suum
523 2439 676 2490 intuentem
691 2436 754 2489 lora
763 2437 907 2503 litigiosa,
925 2443 957 2487 ut

159 2501 326 2573 ercellerem
340 2502 369 2552 in
381 2503 436 2565 eis,
456 2503 510 2556 boc
526 2504 705 2566 laudabilior,
722 2518 777 2570 quo
795 2501 954 2554 fraudulen-

158 2569 221 2618 tior.
239 2571 380 2622 'l'antnest
390 2572 513 2622 coecitas
524 2569 664 2632 hominum
676 2571 711 2621 de
721 2570 860 2622 coecitate
870 2570 956 2620 etiarn

159 2632 349 2702 gloriantium!
383 2633 958 2699 Etmniorinmereminscholarbetoris,
1012 2672 1013 2675 η
