2050 2925
210 110 719 240 courussrouonssnrnunx.
778 162 787 171 ·
814 151 863 205 ros

62 254 93 304 in
108 267 164 319 quo
179 253 325 319 primstum
341 255 416 308 oculi
429 263 538 319 tenent,
553 257 637 307 etium
652 254 756 307 caeteri
766 268 864 305 sensus

63 320 119 371 sibi
133 320 363 384 desinrilitudine
376 329 524 390 usurpant,
538 322 715 389 cum-aliquid
727 321 863 386 cognitio-

61 390 106 438 nis
114 388 269 453 explorant.
303 387 408 439 Exhoc
418 396 511 440 autem
521 390 677 441 evidentius
687 387 864 448 discernitur,

63 454 131 520 quid
143 454 295 520 voluptatis
300 490 307 518 ‚
306 455 388 572 ιιιῗιιίᾱ
400 457 573 529 curiositptis
583 462 683 523 agatur
692 465 742 520 per
752 463 864 515 sensus3

62 521 139 586 quod
148 521 304 588 voluptasp
335 520 414 585 chre,
425 538 541 585 canora,
552 524 660 585 suevia,
671 520 779 587 sapida,
790 519 866 569 lenis
933 540 937 549 r

61 593 199 651 sectatum
219 587 368 639 curiositas
383 595 476 641 nutem
492 592 580 641 etiam
595 587 865 651 hiscontrariaten·
902 609 906 624 κ

59 654 142 704 tandi
151 669 244 716 causa,
255 669 311 705 non
321 655 356 706 ad
365 656 537 707 subeundam
545 656 712 719 molestiam,
724 654 774 705 sed
784 666 866 719 expe·

61 720 156 771 riendi
173 721 364 788 noscendique
376 722 502 775 libidine.
539 723 612 784 uuio
627 719 700 774 eirim
713 720 866 787 voluptatis

62 784 149 837 habet
157 787 253 838 videre
262 788 292 839 in
300 788 405 841 laniato
416 790 551 841 esdsrere
561 790 636 859 quod
647 786 814 841 exhorreasl
830 784 867 835 Et
914 848 916 851 Ι

61 860 157 905 tamen
167 853 257 904 sicubi
265 855 369 918 iaceat,
380 863 561 920 concurrunt,
571 863 603 907 ut
612 856 825 915 contristentur,
836 857 866 920 ut
960 872 971 893 κ

62 920 196 988 palleant
230 921 343 973 Timent
356 924 452 985 etiam
465 938 500 973 ne
513 926 544 977 in
558 923 662 974 somnis
677 921 732 973 hoo
741 920 866 981 videent3

63 987 146 1054 quasi
163 987 309 1053 quisquam
321 1002 372 1040 eos
386 988 537 1056 vigilantes
551 988 646 1039 ridere
662 988 801 1054 coegerit,
820 990 868 1035 sut

62 1052 280 1120 pulchritudinis
294 1055 354 1107 ulla
364 1054 439 1106 lama
452 1055 633 1122 persuaserit.
667 1054 711 1107 lta
724 1059 752 1105 et
764 1053 793 1103 in
807 1064 867 1101 eae·

63 1122 137 1171 teris
150 1119 293 1183 sensilium
311 1135 383 1201 quae
398 1122 530 1189 persequi
542 1125 658 1237 lonium
671 1125 723 1171 est.
757 1117 801 1168 Ex
814 1115 869 1167 hoc

63 1186 165 1238 morbo
180 1185 379 1253 cupiditetrsin
388 1188 556 1255 spectaculis
567 1202 602 1239 ex
621 1187 732 1238 ibentur
742 1196 869 1251 quaeque

63 1252 210 1307 numnis
231 1252 307 1304 Hinc
316 1253 352 1305 ad
360 1254 561 1322 perscrutanda
569 1261 685 1305 naturae
697 1254 780 1320 (quae
790 1264 869 1317 proe-

63 1326 110 1371 ter
118 1334 171 1370 nos
182 1322 238 1383 eat)
250 1326 350 1386 operta
358 1322 533 1388 proceditur,
544 1335 614 1389 puae
624 1322 697 1372 scire
707 1317 778 1370 nihil
787 1316 869 1383 prod·

64 1392 120 1448 est,
130 1391 159 1436 et
168 1384 239 1439 nihil
248 1387 324 1438 aliud
334 1403 415 1454 quam
425 1390 497 1441 seire
507 1387 634 1440 homines
645 1388 767 1455 cupiunt
794 1384 869 1435 Hinc

65 1454 164 1516 etiarn,
175 1454 277 1522 siquid
288 1455 388 1506 eodem
396 1471 547 1522 perversae
557 1456 692 1506 scientiae
703 1452 817 1517 linaper
827 1465 869 1502 ar·
884 1506 890 1518 s

63 1527 109 1571 tes
122 1522 247 1588 magicas
258 1523 409 1587 quaeritur.
443 1523 519 1574 Hinc
529 1523 612 1571 etiam
622 1521 651 1570 in
660 1523 722 1586 ipsa
730 1519 869 1584 religione

63 1587 143 1638 Deus
152 1593 285 1648 tentatur,
295 1601 357 1638 eum
367 1589 448 1654 signs
457 1593 487 1637 et
494 1587 625 1652 prodigia
633 1584 802 1652 flagitantur,
814 1597 869 1634 non
954 1587 959 1594 “

63 1654 104 1705 ad
113 1652 235 1718 aliquam
245 1652 373 1714 salutem,
380 1652 431 1704 sed
440 1653 476 1703 ad
485 1652 575 1704 solam
587 1649 786 1717 experientiam
796 1648 868 1698 desi·

66 1721 175 1771 derata
210 1717 241 1768 ln
255 1716 307 1771 hac
319 1724 377 1769 tam
389 1720 525 1770 immensa
534 1719 605 1771 silva
614 1718 696 1784 plena
705 1715 869 1768 insidiarum

64 1792 97 1838 et
104 1785 303 1854 periculorum,
308 1798 375 1836 eece
384 1785 472 1837 multa
481 1787 664 1853 praeciderim
675 1790 704 1836 et
711 1797 728 1834 e
736 1797 799 1834 mec
808 1796 868 1833 com

66 1854 103 1904 de
108 1852 290 1919 dispulerim,
299 1853 383 1904 sicuti
393 1853 503 1904 donasti
512 1868 557 1904 me
567 1852 671 1914 iacere,
680 1851 758 1902 Deus
769 1849 868 1901 salutis

64 1933 154 1971 mese.
189 1920 327 1971 Attamen
337 1920 447 1987 quando
458 1920 548 1971 audeo
559 1919 666 1981 dicere,
681 1917 867 1980 cumcircum·

64 2001 176 2054 quaque
189 1986 380 2053 quotidianam
389 1988 475 2037 vitam
484 1993 609 2038 nostram
619 1993 674 2036 tem
684 1987 771 2037 multu
785 1981 866 2036 huius
960 2010 963 2018 s

64 2055 178 2122 generis
187 2068 281 2104 rerum
291 2054 531 2120 cucumstrepant,
560 2053 650 2104 dando
661 2053 751 2104 audeo
763 2051 866 2114 dicere,

63 2120 143 2173 nulla
150 2135 181 2171 re
191 2120 244 2171 teli
252 2135 297 2172 me
307 2120 442 2172 intentum
452 2121 516 2172 lieri
525 2069 560 2172 ug
570 2120 755 2189 spectandum·
760 2125 788 2171 et
796 2133 867 2170 vana

64 2201 134 2239 eura
145 2187 324 2255 capienduml
341 2188 415 2240 Sane
427 2202 472 2239 me
484 2190 540 2240 ism
555 2186 665 2239 theatra
677 2203 733 2239 non
745 2188 866 2252 rapiunt,

63 2267 118 2306 nec
137 2269 204 2305 curo
224 2268 309 2306 nosse
327 2256 460 2306 transitus
478 2256 613 2318 siderum,
632 2269 684 2306 nec
702 2245 793 2306 enims
804 2265 868 2302 mes

63 2335 338 2388 umquamresponse
347 2322 660 2388 quaesivitumbrarum3
680 2321 772 2372 onmis
783 2318 866 2368 sacri·

63 2387 456 2455 legasscramentsdetestor.
481 2391 551 2452 Ate,
561 2389 681 2441 Domine
690 2387 768 2438 Deus
778 2397 866 2443 meus,

65 2457 112 2506 cui
122 2454 254 2527 humilem
263 2452 426 2506 famulatum
436 2470 470 2506 ac
480 2456 634 2521 simplicem
644 2451 743 2513 debeo,
756 2449 867 2526 quantis

63 2538 174 2574 mecum
181 2522 392 2588 suggestionum
399 2520 650 2573 machinationibus
661 2520 720 2584 agit
729 2517 866 2574 inimicus,

63 2597 97 2641 ut
111 2591 222 2656 signum
231 2587 345 2654 aliquod
354 2589 459 2653 petauri
480 2588 536 2641 Sed
547 2589 664 2640 obsecro
676 2589 702 2634 te
713 2597 763 2648 per
772 2595 867 2646 regem

62 2663 201 2721 nostrum,
208 2663 237 2708 et
244 2655 362 2724 patriam
370 2655 531 2720 ierusalem,
540 2649 702 2722 simplicem,
713 2654 827 2712 castam,
837 2653 868 2698 ut
