2050 2925
119 208 123 215 t
213 122 735 223 conrossr'ononromonv.
818 161 875 221 'ro

67 269 218 333 mositet03
230 261 281 320 sed
290 274 383 319 tamen
392 266 569 319 familiaritas
580 282 676 320 eorum
687 270 793 336 (plures
804 271 877 322 enirn

69 352 122 387 eos
137 337 227 387 Roma
241 335 377 394 occultat)
391 337 497 403 pigrius
510 350 555 386 me
569 335 693 386 faciebat
704 336 781 387 aliud
792 351 877 405 quee-

69 418 145 465 rere‚
157 403 323 469 praesertim
334 400 535 469 desperantem,
545 404 574 453 in
584 404 706 454 eeclesia
714 408 771 465 tuo,
780 402 878 473 Domi·

71 484 108 520 ne
119 470 194 519 coeii
204 477 233 521 et
241 476 348 531 terrae,
359 474 467 520 creator
478 470 600 520 omnium
609 466 761 520 visibilium
771 475 801 520 et
808 470 877 520 in'ri·

74 536 213 598 sibilium,
229 548 315 602 posse
325 534 444 585 inveniri
460 550 566 598 verum,
579 536 653 587 unde
662 550 707 587 me
716 535 760 585 illi
770 543 878 587 everte

71 609 149 665 rant,
163 603 336 667 multumque
346 601 415 652 mihi
424 609 505 669 turpe
514 602 672 665 videbator,
683 603 799 653 credere
810 603 877 670 ilgo-

71 684 132 720 rem
152 674 179 719 te
195 667 298 719 habere
313 667 447 719 humente
461 670 566 730 carnis,
586 676 615 720 et
627 670 814 720 membrorum
828 682 877 719 no·

71 742 195 787 stromm
202 736 732 803 lineamentiscorporolibostorminsri.
749 737 878 804 thnon·

70 804 128 852 iam
143 816 206 855 cum
221 802 255 853 de
268 800 330 852 Deo
343 814 406 852 meo
421 804 547 870 cogitare
558 803 670 865 veliem,
686 804 812 871 cogitare
821 802 877 853 nisi

71 868 164 919 moles
173 882 321 934 corporum
331 882 387 919 non
394 882 526 919 noveram
535 871 637 935 (neque
646 870 721 920 enim
729 869 878 920 videbatur

71 934 142 986 mihi
151 949 213 985 esse
222 935 379 1002 quidquam,
388 936 462 1003 quod
471 936 528 987 tole
540 951 596 986 non
606 937 704 998 esset),
712 950 747 987 ee
755 937 877 986 maimo

74 1008 103 1052 et
123 1014 212 1069 prope
234 998 297 1053 sola
315 1016 400 1053 esum
417 1008 478 1053 erat
497 1001 668 1053 inevitabilis
686 1002 790 1053 erroris
810 1003 875 1052 mei.

72 1068 150 1119 Hinc
163 1068 236 1119 enim
251 1072 280 1118 et
290 1067 356 1118 mali
369 1068 554 1119 substantiam
567 1068 715 1134 quemdem
727 1067 876 1122 credebam

73 1146 138 1187 esse
152 1133 249 1196 telem,
262 1141 292 1185 et
304 1132 408 1185 hebere
423 1150 500 1185 suom
513 1135 617 1186 molem
629 1140 731 1187 tetram
744 1132 877 1185 etcidor·

70 1216 155 1263 mem,
164 1201 223 1251 sive
234 1214 365 1262 crassam,
375 1215 456 1266 qoem
465 1208 569 1252 terram
579 1202 718 1264 dicebant,
729 1202 789 1251 sire
797 1206 877 1251 tenu·

72 1283 118 1320 em
128 1272 212 1333 atque
223 1267 365 1329 subtilem,
378 1267 453 1317 sicut
463 1273 507 1317 est
518 1268 590 1318 ceris
603 1282 716 1334 eorpus,
728 1281 810 1334 quem
819 1280 888 1317 ma·-

71 1336 179 1402 lignam
195 1340 316 1384 mentem
335 1346 387 1401 per
404 1334 481 1384 iliam
501 1340 605 1386 terrem
622 1335 876 1401 repentem-inregi-

71 1406 182 1453 nantur.
200 1400 403 1468 thuiaDeum
413 1401 516 1453 bonum
524 1401 630 1453 nullom
638 1402 739 1453 maiam
748 1409 876 1453 omnm

72 1483 199 1531 creasse,
220 1468 535 1538 qualiscumquepietet
550 1483 595 1521 me
612 1469 728 1521 eredere
745 1469 876 1542 cogebat,

73 1534 278 1587 constituebam
291 1549 326 1586 ex
338 1536 456 1587 adverso
470 1535 525 1586 sibi
535 1537 604 1588 dues
613 1537 716 1598 moles,
727 1542 875 1601 utramque

72 1603 219 1665 infinitam,
231 1601 281 1652 sed
291 1603 391 1653 malem
403 1603 559 1670 angnrstius,
568 1603 670 1653 bonam
677 1602 821 1669 grandine.
840 1602 877 1653 Er

73 1685 109 1722 ex
122 1667 178 1720 hoe
189 1670 272 1719 initio
286 1669 481 1736 pestilentioso
493 1683 539 1719 me
549 1676 661 1719 coetera
670 1667 822 1734 sacrilegia
831 1681 875 1717 se·
928 1671 933 1681 '

72 1737 237 1804 quebantur.
256 1735 324 1787 Cum
334 1737 407 1787 enim
418 1736 875 1796 conereturenimrrsmeosreenr·

71 1816 135 1855 rere
154 1804 184 1853 in
203 1801 368 1853 catholicam
385 1803 480 1865 fidem,
498 1801 722 1868 repercutiebar,
740 1802 806 1868 quie
819 1815 875 1850 non

72 1877 133 1922 erat
144 1868 284 1924 catholica
293 1869 371 1933 tides,
382 1883 463 1937 quom
474 1883 538 1921 esse
548 1869 711 1930 arbitrabor.
739 1868 876 1935 Etmngis

71 1939 135 2004 pius
149 1934 219 1987 mihi
228 1936 354 1999 nechar,
368 1937 393 1988 si
405 1941 447 2000 te,
459 1937 538 1988 Deus
547 1950 638 1998 meus,
651 1937 697 1986 cni
707 1936 876 1986 comitentur
900 1981 917 1994 ,

49 1999 61 2014 ¹
73 2019 107 2056 ex
118 2017 162 2054 me
172 2004 367 2055 miserationes
377 2010 456 2066 tuoe,
466 2005 512 2056 vei
523 2017 558 2056 cx
568 2004 689 2055 caeteris
697 2003 823 2072 pertibus
833 2003 874 2052 in-

72 2071 180 2122 finitum
199 2069 354 2133 crederem,
374 2073 499 2138 quemvis
518 2085 554 2122 ex
566 2083 634 2134 ont,
653 2083 709 2138 qun
720 2069 770 2121 tibi
782 2070 874 2122 moles

71 2137 137 2188 mali
148 2137 352 2204 opponebatur,
364 2151 481 2204 cogerer
491 2139 597 2188 flnitorn
607 2135 700 2201 interi,
709 2151 793 2205 quem
803 2138 829 2188 si
838 2149 874 2187 ex

70 2205 199 2255 'omnibus
209 2204 334 2270 pertibus
343 2205 372 2255 in
382 2206 507 2272 corporis
519 2204 630 2256 humani
639 2205 730 2256 formo
738 2203 795 2256 t'eo
815 2203 873 2254 ina·
941 2245 944 2248 .

69 2285 115 2322 rer
133 2271 218 2322 tiniri.
251 2271 288 2321 Et
299 2272 400 2323 melius
412 2271 481 2322 mihi
494 2272 611 2323 videbar
622 2273 750 2336 credere,
765 2288 783 2322 n
815 2272 873 2341 ium

70 2339 174 2390 melum
192 2343 220 2387 te
237 2351 361 2401 creasse,
382 2339 457 2405 quod
474 2339 544 2389 mihi
562 2341 700 2392 nescienti
712 2352 768 2389 non
781 2337 873 2403 solnm

69 2403 337 2472 concasnomen,
348 2406 488 2456 sedetiam
499 2421 635 2475 corpores
644 2407 799 2464 videbatur,
807 2403 874 2468 quin

70 2480 99 2524 et
116 2477 239 2522 mentem
255 2471 380 2538 cogitare
392 2485 449 2522 non
463 2487 607 2536 noveram,
625 2474 681 2525 nisi
693 2485 755 2522 sem
768 2469 873 2520 subtile

70 2553 173 2607 corpus
188 2551 266 2600 esee,
277 2539 356 2655 ίῗιιοτί
366 2546 458 2590 tamen
471 2553 522 2605 per
531 2541 590 2591 loci
604 2541 694 2608 spatia
703 2534 878 2586 offundere-¹

16 2636 22 2646 ι
68 2613 123 2669 tur,
136 2619 218 2673 quam
228 2619 275 2657 cre
296 2619 343 2655 ere
353 2606 441 2656 abste
453 2607 646 2673 essequaiem
656 2602 873 2672 pntaoamnsm·

68 2687 130 2723 ram
139 2672 216 2724 niati.
251 2671 343 2739 ipsum
353 2687 462 2741 quoque
474 2673 650 2724 salvotorem
659 2674 799 2727 nostrum,
812 2664 870 2716 oni·
