2050 2925
209 88 548 145 conl'nsslonum
564 83 695 141 LIBER
711 86 799 140 Xlll.
854 85 905 142 ²83
963 133 988 150 ,.

119 231 122 242 .
155 194 185 247 C.
199 192 326 246 XXVIII.
361 193 397 243 Et
407 188 508 253 nidisti,
520 188 606 251 Dens,
618 188 716 250 noenia,
729 186 904 255 quoefee'isti,

101 270 129 315 et
139 278 197 313 ecce
208 262 277 313 bono
286 268 350 312 sunt
359 258 433 311 valde
444 258 527 320 (Gen.
539 260 563 319 l,
575 258 642 321 3l·)=
654 256 719 324 quia
729 261 758 305 et
767 270 818 306 nos
829 256 905 306 vide·

101 344 164 381 nius
175 336 252 392 eaet
262 324 610 392 eceeomniabonavalde.
628 323 658 373 ln
668 323 786 389 singulis
798 322 906 389 generi·

102 396 155 447 bus
167 411 280 461 operum
290 401 411 455 tuorum,
421 408 484 443 eum
495 392 626 453 dixisses,
633 396 664 441 ut
676 390 784 451 fierent,
796 389 907 439 etfaeta

105 469 212 524 essent,
222 462 293 513 illud
302 467 385 527 atque
395 460 466 510 illud
476 458 582 521 vidisti,
591 459 656 525 quia
665 458 767 509 bonum
779 462 830 507 est.
859 456 907 507 Se-

92 531 178 596 ‚pties
192 529 336 580 numeravi
348 528 482 593 seriptum
493 540 570 587 esse,
583 533 608 575 te
618 524 724 585 vidisse,
737 522 799 590 quio
811 522 908 573 lenum

104 603 157 657 est,
178 596 252 662 quod
270 595 378 657 fecisti3
397 600 427 645 et
447 592 501 645 hoc
521 588 650 644 octavum¹
667 597 723 653 est,
744 588 807 657 quio
820 589 911 639 vidisti

105 662 204 723 ornata,
212 678 280 729 quae
282 660 391 730 fecisti:
401 669 428 712 et
437 675 559 713 eceeuon
569 659 659 711 solum
668 659 754 719 bona,
764 658 813 709 ved
824 658 909 707 etiam

104 730 179 780 valde
190 730 267 791 bona,
278 736 418 795 tamquam
428 728 511 779 simul
522 728 623 779 omnia.
647 726 718 777 Nam
728 725 839 793 singulo
847 730 907 780 tan-
938 754 941 759 -

104 803 163 846 tum
177 796 252 847 bona
262 802 352 859 eraut,
367 796 450 847 simul
460 801 553 846 autem
564 794 657 845 omnia
667 798 695 845 et
705 792 774 844 dona
785 798 814 843 et
822 791 906 843 ualde.

105 862 170 913 Hoc
180 863 275 914 dicunt
285 864 369 915 etiam
380 876 506 930 quaeque
517 861 633 927 pulchra
643 860 839 975 οοτροτιιμὲιιία
849 858 908 909 lon-
939 880 942 883 ·
963 854 967 869 ¹

107 945 144 996 ge
153 932 240 981 multo
252 928 395 996 pulchrius
406 935 450 979 est
460 928 653 993 corpus,quod
663 941 699 977 ex
709 941 779 976 mem
800 926 839 976 ris
849 925 909 990 pul»

105 996 179 1047 chris
193 998 320 1047 omnibus
339 1001 462 1055 constat,
481 1008 562 1059 quam
575 993 773 1060 ipsamemhra
788 992 908 1058 singulo,
975 1020 977 1031 ι
1008 978 1009 989 ’

104 1077 222 1129 quorum
242 1061 450 1112 ordinatissimo
469 1066 608 1111 conventu
627 1060 782 1125 completur
800 1054 908 1109 ediver-

105 1143 177 1188 sum,
188 1128 311 1194 quamvis
322 1134 351 1177 et
360 1127 410 1177 illa
420 1126 506 1177 etiam
516 1126 679 1193 singillatim
690 1124 806 1191 pulchra
816 1127 880 1178 sint.

158 1194 188 1247 C.
202 1194 304 1245 XXIX.
338 1194 375 1243 Et
389 1194 516 1257 adtendi,
535 1200 567 1245 ut
578 1194 743 1255 invenirem,
760 1198 852 1242 utrum
866 1206 907 1242 se·

103 1262 177 1329 pties
196 1262 242 1313 vel
261 1263 349 1312 octies
371 1259 489 1330 rideris,
508 1259 574 1327 quia
586 1261 661 1312 boue
674 1265 738 1311 suot
753 1265 908 1326 operatua,

105 1345 168 1379 eum
186 1327 239 1380 tibi
256 1329 431 1394 placuerunt:
453 1334 483 1379 et
499 1328 529 1378 in
546 1332 595 1379 tua
613 1328 721 1379 visione
740 1342 796 1378 non
815 1326 910 1377 inveni

104 1407 243 1464 tempora,
256 1410 306 1464 per
338 1411 389 1447 uae
399 1395 598 1461 intelligerem,
613 1396 689 1461 quod
698 1395 784 1445 toties
796 1394 924 1453 videris„

105 1480 177 1530 quae
190 1460 292 1514 fecisti.
352 1470 363 1513 t
377 1461 448 1513 dixi:
467 1462 511 1523 „0
527 1460 660 1524 Domine,
673 1477 765 1512 nonne
776 1461 832 1512 ista
842 1460 910 1512 seri·

104 1539 188 1598 ptura
195 1536 245 1580 tua
254 1543 320 1579 vera
330 1535 385 1590 est,
396 1530 527 1594 quoniam
536 1533 578 1589 tu,
589 1542 674 1579 verax
684 1535 713 1579 et
722 1529 841 1590 veritas,
852 1527 935 1589 edi«

105 1597 173 1650 disti
191 1595 268 1646 eaml
286 1596 341 1645 Cur
360 1609 428 1662 ergo
442 1600 474 1645 tu
486 1592 554 1644 mihi
569 1594 652 1656 dieis,
671 1609 803 1644 nouesse
817 1596 910 1650 intua

103 1666 214 1715 visione
224 1669 364 1728 tempora3
382 1669 411 1713 et
419 1664 475 1712 ista
484 1662 623 1726 scriptura
632 1667 680 1711 tna
689 1658 755 1710 milri
767 1659 844 1723 dicit,
859 1676 910 1727 per
952 1663 953 1670 ’

105 1730 232 1798 singulos
252 1730 313 1781 dies
332 1743 367 1780 ea
383 1743 454 1797 quae
468 1728 565 1778 fecisti
578 1733 606 1778 te
620 1727 737 1790 vidisse,
757 1728 822 1794 quio
835 1729 910 1780 bona

106 1798 186 1849 nunti
218 1797 263 1848 'Et
280 1812 342 1848 oum
356 1811 391 1847 ea
402 1809 588 1857 numerarem,
607 1795 701 1845 inveni
714 1795 855 1862 quoties„
868 1796 910 1846 Ad

105 1864 176 1916 haee
189 1871 220 1915 tu
234 1864 305 1915 diois
319 1861 400 1927 mihi,
414 1865 545 1931 quoniam
555 1868 587 1913 tu
597 1877 626 1914 es
636 1862 714 1912 Deus
724 1877 815 1924 meus,
830 1870 859 1912 et
870 1862 909 1912 di·

105 1935 147 1983 cis
165 1946 234 1982 voce
253 1931 321 1982 forti
336 1931 365 1982 in
378 1945 445 1981 aure
458 1931 593 1981 interiore
608 1936 767 1992 servotum,
786 1943 909 1995 perrum-

81 2049 84 2052 Δ
104 2014 173 2068 pens
187 2010 276 2049 meam
286 1999 463 2060 surditatem,
476 2004 505 2048 et
515 1997 649 2048 clamans:
668 1997 712 2060 „0
723 1995 820 2059 homo,
834 1997 914 2048 nemi

104 2081 140 2134 pe
159 2067 234 2132 quod
253 2066 391 2131 scriptura
409 2080 473 2116 mea
485 2065 566 2127 dicit,
589 2079 642 2131 ego
659 2065 732 2116 dieo.
766 2064 803 2115 Et
816 2071 910 2116 tamen

45 2138 49 2144 '
104 2133 156 2184 illa
165 2132 357 2199 temporaliter·
366 2133 444 2194 dicit,
453 2130 547 2182 Verbo
558 2137 650 2182 autem
661 2146 723 2183 meo
734 2137 842 2197 tempus
852 2147 908 2182 non
994 2151 996 2158 ,

104 2199 222 2262 accidit,
242 2199 307 2266 qnia
325 2200 436 2266 aequali
455 2214 564 2255 meeum
583 2200 749 2252 aeternitate
769 2199 908 2250 consistit.
929 2223 932 2228 ·

106 2266 154 2318 Sic
161 2274 215 2328 ‘ea,
229 2281 299 2333 quae
314 2281 365 2317 vos
378 2281 429 2333 per
438 2267 566 2332 spiritum
576 2281 667 2317 meum
676 2267 790 2328 videtis,
806 2281 858 2332 ego
869 2266 908 2314 vi-

35 2378 40 2390 ,
105 2333 173 2396 deo;
191 2334 264 2384 sieut
282 2348 327 2395 ea,
348 2348 418 2399 quae
432 2349 483 2384 vos
498 2333 688 2400 perspiritum
701 2349 791 2384 meum
805 2333 908 2394 dicitis,

105 2416 160 2467 ego
174 2399 246 2451 dieo.
267 2401 370 2467 lAtque
385 2403 498 2451 itanum
510 2416 558 2451 vos
568 2401 761 2466 temporaliter
773 2415 806 2452 ea
815 2401 908 2452 videa·

103 2469 151 2529 tis,
162 2483 218 2518 oon
228 2483 281 2534 ego
291 2467 483 2532 temporaliter
493 2483 527 2518 ea
536 2468 648 2518 video.“
778 2501 783 2506 ,

157 2535 188 2584 C.
203 2533 292 2584 XXX.
327 2531 364 2583 Et
374 2534 475 2599 audivi,
485 2534 606 2586 Domine
616 2533 692 2584 Deus
703 2549 790 2598 meus,
802 2541 830 2586 et
841 2535 908 2586 elin-

104 2601 137 2656 xi
155 2601 259 2652 stillam
278 2600 434 2652 dulcedinis
454 2616 489 2652 ex
508 2611 557 2654 tua
574 2603 703 2666 veritate,
724 2610 753 2659 et
770 2603 908 2668 intellexi,
